{"Tensa\u00ef": {"Product": "Tensa\u00ef", "Title": "Tensa\u00ef Th\u00e9 blanc myrtille BIO, 33cl", "product_info": " Tensa\u00ef Th\u00e9 blanc myrtille BIO 33cl                ", "promo": "N/A", "price": "1,75\u20ac", "volume_price": "(5,30\u20ac/L)"}}
{"Tensa\u00ef": {"Product": "Tensa\u00ef", "Title": "Tensa\u00ef Th\u00e9 matcha menthe poivr\u00e9e BIO, 33cl", "product_info": " Tensa\u00ef Th\u00e9 matcha menthe poivr\u00e9e BIO 33cl                ", "promo": "N/A", "price": "1,75\u20ac", "volume_price": "(5,30\u20ac/L)"}}
{"Tensa\u00ef": {"Product": "Tensa\u00ef", "Title": "Tensa\u00ef Th\u00e9 noir gingembre BIO, 33cl", "product_info": " Tensa\u00ef Th\u00e9 noir gingembre BIO 33cl                ", "promo": "N/A", "price": "1,75\u20ac", "volume_price": "(5,30\u20ac/L)"}}
{"Tensa\u00ef": {"Product": "Tensa\u00ef", "Title": "Tensa\u00ef Th\u00e9 vert citron fleur de sureau BIO, 33cl", "product_info": " Tensa\u00ef Th\u00e9 vert citron fleur de sureau BIO 33cl                ", "promo": "N/A", "price": "1,75\u20ac", "volume_price": "(5,30\u20ac/L)"}}
{"Marcel Bio": {"Product": "Marcel Bio", "Title": "Marcel Bio Nectar d'abricot BIO, 25cl", "product_info": " Marcel Bio Nectar d'abricot BIO 25cl   Fabrication artisanale fran\u00e7aise, embouteill\u00e9s en Provence              ", "promo": "N/A", "price": "2,40\u20ac", "volume_price": "(9,60\u20ac/L)"}}
{"Les F\u00e9es Bio": {"Product": "Les F\u00e9es Bio", "Title": "Les F\u00e9es Bio Pur Jus Multifruit BIO, 3L", "product_info": " Les F\u00e9es Bio Pur Jus Multifruit BIO 3L                ", "promo": "Prenez en 3 payez en 2", "price": "8,95\u20ac", "volume_price": "(2,98\u20ac/L)"}}
{"Les F\u00e9es Bio": {"Product": "Les F\u00e9es Bio", "Title": "Les F\u00e9es Bio Pur jus de Pomme BIO, 1L", "product_info": " Les F\u00e9es Bio Pur jus de Pomme BIO 1L   Fabriquant Fran\u00e7ais de jus de fruits depuis 1979             ", "promo": "Prenez en 3 payez en 2", "price": "3,40\u20ac", "volume_price": "(3,40\u20ac/L)"}}
{"Les F\u00e9es Bio": {"Product": "Les F\u00e9es Bio", "Title": "Les F\u00e9es Bio Pur jus pomme infusion Gingembre, 1L", "product_info": " Les F\u00e9es Bio Pur jus pomme infusion Gingembre 1L                ", "promo": "Prenez en 3 payez en 2", "price": "3,99\u20ac", "volume_price": "(3,99\u20ac/L)"}}
{"Emmanuelle Baillard": {"Product": "Emmanuelle Baillard", "Title": "Emmanuelle Baillard Nectar de Mangue BIO, 25cl", "product_info": " Emmanuelle Baillard Nectar de Mangue BIO 25cl                ", "promo": "N/A", "price": "2,95\u20ac", "volume_price": "(11,80\u20ac/L)"}}
{"Emmanuelle Baillard": {"Product": "Emmanuelle Baillard", "Title": "Emmanuelle Baillard Nectar de Mirabelle de Lorraine BIO, 25cl", "product_info": " Emmanuelle Baillard Nectar de Mirabelle de Lorraine BIO 25cl                ", "promo": "N/A", "price": "2,95\u20ac", "volume_price": "(11,80\u20ac/L)"}}
{"Marcel Bio": {"Product": "Marcel Bio", "Title": "Marcel Bio Soupe 7 L\u00e9gumes BIO, 48cl", "product_info": " Marcel Bio Soupe 7 L\u00e9gumes BIO 48cl   L\u00e9gumes issus de l'agriculture biologique             ", "promo": "N/A", "price": "4,40\u20ac", "volume_price": "(9,17\u20ac/L)"}}
{"Marcel Bio": {"Product": "Marcel Bio", "Title": "Marcel Bio Soupe Butternut & Patate douce BIO, 48cl", "product_info": " Marcel Bio Soupe Butternut & Patate douce BIO 48cl                ", "promo": "N/A", "price": "4,66\u20ac", "volume_price": "(9,71\u20ac/L)"}}
{"Marcel Bio": {"Product": "Marcel Bio", "Title": "Marcel Bio Soupe Carotte, Curry et Coco BIO, 48cl", "product_info": " Marcel Bio Soupe Carotte, Curry et Coco BIO 48cl                ", "promo": "N/A", "price": "4,66\u20ac", "volume_price": "(9,71\u20ac/L)"}}
{"Marcel Bio": {"Product": "Marcel Bio", "Title": "Marcel Bio Soupe Carotte, orange et gingembre, 48cl", "product_info": " Marcel Bio Soupe Carotte, orange et gingembre 48cl                ", "promo": "N/A", "price": "4,86\u20ac", "volume_price": "(10,13\u20ac/L)"}}
{"Marcel Bio": {"Product": "Marcel Bio", "Title": "Marcel Bio Soupe Carotte-Poivron-Paprika, 48cl", "product_info": " Marcel Bio Soupe Carotte-Poivron-Paprika 48cl                ", "promo": "N/A", "price": "3,95\u20ac", "volume_price": "(8,23\u20ac/L)"}}
{"Marcel Bio": {"Product": "Marcel Bio", "Title": "Marcel Bio Soupe Courgette-Tomate-Basilic, 48cl", "product_info": " Marcel Bio Soupe Courgette-Tomate-Basilic 48cl                ", "promo": "N/A", "price": "3,94\u20ac", "volume_price": "(8,21\u20ac/L)"}}
{"Marcel Bio": {"Product": "Marcel Bio", "Title": "Marcel Bio Soupe Tomate Basilic BIO, 62cl", "product_info": " Marcel Bio Soupe Tomate Basilic BIO 62cl                ", "promo": "N/A", "price": "3,95\u20ac", "volume_price": "(6,37\u20ac/L)"}}
{"Marcel Bio": {"Product": "Marcel Bio", "Title": "Marcel Bio Soupe Tomate Carotte Betterave BIO, 62cl", "product_info": " Marcel Bio Soupe Tomate Carotte Betterave BIO  62cl                ", "promo": "N/A", "price": "4,30\u20ac", "volume_price": "(6,94\u20ac/L)"}}
{"Marcel Bio": {"Product": "Marcel Bio", "Title": "Marcel Bio Soupe froide Concombre, Menthe BIO, 48cl", "product_info": " Marcel Bio Soupe froide Concombre, Menthe BIO 48cl                ", "promo": "N/A", "price": "4,25\u20ac", "volume_price": "(8,85\u20ac/L)"}}
{"Marcel Bio": {"Product": "Marcel Bio", "Title": "Marcel Bio Soupe froide Gaspacho BIO, 48cl", "product_info": " Marcel Bio Soupe froide Gaspacho BIO 48cl                ", "promo": "N/A", "price": "4,45\u20ac", "volume_price": "(5,93\u20ac/L)"}}
{"Marcel Bio": {"Product": "Marcel Bio", "Title": "Marcel Bio Soupe petits pois, concombre et menthe, 48cl", "product_info": " Marcel Bio Soupe petits pois, concombre et menthe 48cl                ", "promo": "N/A", "price": "4,64\u20ac", "volume_price": "(9,67\u20ac/L)"}}
{"Grain d'Orge": {"Product": "Grain d'Orge", "Title": "Grain d'Orge Bi\u00e8re blonde BIO 6.8\u00b0, 6x25cl", "product_info": " Grain d'Orge Bi\u00e8re blonde BIO 6.8\u00b0 6x25cl                ", "promo": "N/A", "price": "5,99\u20ac", "volume_price": "(3,99\u20ac/L)"}}
{"Jenlain": {"Product": "Jenlain", "Title": "Jenlain Bi\u00e8re blonde non filtr\u00e9e BIO 6\u00b0, 6x25cl", "product_info": " Jenlain Bi\u00e8re blonde non filtr\u00e9e BIO 6\u00b0 6x25cl                ", "promo": "N/A", "price": "7,16\u20ac", "volume_price": "(4,77\u20ac/L)"}}
{"Barbe Rouge": {"Product": "Barbe Rouge", "Title": "Barbe Rouge Bi\u00e8re IPA ambr\u00e9e 5.7\u00b0 BIO, 50cl", "product_info": " Barbe Rouge Bi\u00e8re IPA ambr\u00e9e 5.7\u00b0 BIO 50cl     Origine : France           ", "promo": "Prenez en 3 payez en 2", "price": "5,45\u20ac", "volume_price": "(10,90\u20ac/L)"}}
{"Brasserie De Vezelay": {"Product": "Brasserie De Vezelay", "Title": "Brasserie De Vezelay Bi\u00e8re Blonde Bio 4.6\u00b0, 5L", "product_info": " Brasserie De Vezelay Bi\u00e8re Blonde Bio 4.6\u00b0 5L     Origine : France           ", "promo": "Prenez en 3 payez en 2", "price": "42,25\u20ac", "volume_price": "(8,45\u20ac/L)"}}
{"Vin de Pays du Var": {"Product": "Vin de Pays du Var", "Title": "Vin de Pays du Var Les Enfants Terribles ros\u00e9 BIO, 75cl", "product_info": " Vin de Pays du Var Les Enfants Terribles ros\u00e9 BIO 75cl     Ann\u00e9e : 2015           ", "promo": "N/A", "price": "6,30\u20ac", "volume_price": "(8,40\u20ac/L)"}}
{"Anjou Ros\u00e9": {"Product": "Anjou Ros\u00e9", "Title": "Anjou Ros\u00e9 Douceur Angeline Bio, 75cl", "product_info": " Anjou Ros\u00e9 Douceur Angeline Bio 75cl     Ann\u00e9e : 2018           ", "promo": "N/A", "price": "6,19\u20ac", "volume_price": "(8,25\u20ac/L)"}}
{"Vin de Pays du Var": {"Product": "Vin de Pays du Var", "Title": "Vin de Pays du Var Domaine L'Eouvi\u00e8re ros\u00e9 BIO, 75cl", "product_info": " Vin de Pays du Var Domaine L'Eouvi\u00e8re ros\u00e9 BIO 75cl     Ann\u00e9e : 2019           ", "promo": "N/A", "price": "5,15\u20ac", "volume_price": "(6,87\u20ac/L)"}}
{"C\u00f4tes De Duras Ros\u00e9": {"Product": "C\u00f4tes De Duras Ros\u00e9", "Title": "C\u00f4tes De Duras Ros\u00e9 Domaine Ferrant BIO, 75cl", "product_info": " C\u00f4tes De Duras Ros\u00e9 Domaine Ferrant BIO 75cl     Ann\u00e9e : 2019           ", "promo": "N/A", "price": "5,90\u20ac", "volume_price": "(7,87\u20ac/L)"}}
{"Cabernet d'Anjou": {"Product": "Cabernet d'Anjou", "Title": "Cabernet d'Anjou Maison Jacques Frelin BIO, 75cl", "product_info": " Cabernet d'Anjou Maison Jacques Frelin BIO 75cl     Ann\u00e9e : 2017           ", "promo": "N/A", "price": "7,65\u20ac", "volume_price": "(10,20\u20ac/L)"}}
{"Bulle Verte": {"Product": "Bulle Verte", "Title": "Bulle Verte Lessive Poudre Active Ecologique, 2kg", "product_info": " Bulle Verte Lessive Poudre Active Ecologique 2kg   Ultra Performante, \u00e0 l'oxyg\u00e8ne actif, pour blanc et couleurs             ", "promo": "N/A", "price": "15,99\u20ac", "volume_price": "(8,00\u20ac/Kg)"}}
{"Bulle Verte": {"Product": "Bulle Verte", "Title": "Bulle Verte Lessive Main Ecologique, 500ml", "product_info": " Bulle Verte Lessive Main Ecologique 500ml   La Lessive \u00e0 la main Bulle Verte\u00ae lave en toute s\u00e9curit\u00e9 les textiles d\u00e9licats.             ", "promo": "N/A", "price": "4,69\u20ac", "volume_price": "(9,38\u20ac/L)"}}
{"Love & Green": {"Product": "Love & Green", "Title": "Love & Green Couches \u00e9cologiques T1 2/5kg, 23  couches", "product_info": " Love & Green Couches \u00e9cologiques T1 2/5kg 23  couches   Anti-irritation, absorption optimale jour et nuit             ", "promo": "N/A", "price": "7,73\u20ac", "volume_price": "(0,34\u20ac/pi\u00e8ce)"}}
{"Love & Green": {"Product": "Love & Green", "Title": "Love & Green Couches \u00e9cologiques T2 3/6kg, 36 couches", "product_info": " Love & Green Couches \u00e9cologiques T2 3/6kg 36 couches   Plus naturelles et tr\u00e8s absorbantes !             ", "promo": "N/A", "price": "12,90\u20ac", "volume_price": "(0,36\u20ac/pi\u00e8ce)"}}
{"Love & Green": {"Product": "Love & Green", "Title": "Love & Green Couches \u00e9cologiques T4 + 9/20kg, 42 couches", "product_info": " Love & Green Couches \u00e9cologiques T4 + 9/20kg 42 couches   Plus naturelles & tr\u00e8s absorbantes !              ", "promo": "N/A", "price": "19,50\u20ac", "volume_price": "(0,46\u20ac/pi\u00e8ce)"}}
{"Love & Green": {"Product": "Love & Green", "Title": "Love & Green Couches \u00e9cologiques T5 10/25kg, 40 couches", "product_info": " Love & Green Couches \u00e9cologiques T5 10/25kg  40 couches   Plus naturelles & tr\u00e8s absorbantes !             ", "promo": "N/A", "price": "18,90\u20ac", "volume_price": "(0,47\u20ac/pi\u00e8ce)"}}
{"Love & Green": {"Product": "Love & Green", "Title": "Love & Green Couches \u00e9cologiques T3 4/9kg, 52 couches", "product_info": " Love & Green Couches \u00e9cologiques T3 4/9kg 52 couches   Plus naturelles & tr\u00e8s absorbantes !             ", "promo": "N/A", "price": "18,90\u20ac", "volume_price": "(0,36\u20ac/pi\u00e8ce)"}}
{"Love & Green": {"Product": "Love & Green", "Title": "Love & Green Couches \u00e9cologiques T4 7/14kg, 46 couches", "product_info": " Love & Green Couches \u00e9cologiques T4 7/14kg 46 couches   Plus naturelles et tr\u00e8s absorbantes !             ", "promo": "N/A", "price": "18,90\u20ac", "volume_price": "(0,41\u20ac/pi\u00e8ce)"}}
{"Rapunzel": {"Product": "Rapunzel", "Title": "Rapunzel Amandes d\u00e9cortiqu\u00e9es Bio, 250g", "product_info": " Rapunzel Amandes d\u00e9cortiqu\u00e9es Bio 250g                ", "promo": "N/A", "price": "8,15\u20ac", "volume_price": "(32,60\u20ac/Kg)"}}
{"Rapunzel": {"Product": "Rapunzel", "Title": "Rapunzel Gingembre Bio en B\u00e2tonnets Confits, 75g", "product_info": " Rapunzel Gingembre Bio en B\u00e2tonnets Confits 75g                ", "promo": "N/A", "price": "2,99\u20ac", "volume_price": "(39,87\u20ac/Kg)"}}
{"Rapunzel": {"Product": "Rapunzel", "Title": "Rapunzel M\u00e9lange de graine grill\u00e9es bio, 250g", "product_info": " Rapunzel M\u00e9lange de graine grill\u00e9es bio 250g   Graines de tournesol, sarrasin, potiron s\u00e9same, lin             ", "promo": "N/A", "price": "3,99\u20ac", "volume_price": "(15,96\u20ac/Kg)"}}
{"Terramoka": {"Product": "Terramoka", "Title": "Terramoka Caf\u00e9 bio grain P\u00e9rou Mr Albert P\u00e9rou, 1kg", "product_info": " Terramoka Caf\u00e9 bio grain P\u00e9rou Mr Albert P\u00e9rou 1kg   Caf\u00e9 grand cru 100% arabica bio du P\u00e9rou en grain             ", "promo": "N/A", "price": "22,99\u20ac", "volume_price": "(22,99\u20ac/Kg)"}}
{"Terramoka": {"Product": "Terramoka", "Title": "Terramoka Caf\u00e9 grain P\u00e9rou bio Monsieur Albert, 200g", "product_info": " Terramoka Caf\u00e9 grain P\u00e9rou bio Monsieur Albert 200g   Grand Cru 100% Arabica Bio du P\u00e9rou             ", "promo": "N/A", "price": "5,19\u20ac", "volume_price": "(25,95\u20ac/Kg)"}}
{"Terramoka": {"Product": "Terramoka", "Title": "Terramoka Caf\u00e9 moulu bio Albert, 250G", "product_info": " Terramoka Caf\u00e9 moulu bio Albert  250G   Grand cru 100% arabica bio du P\u00e9rou             ", "promo": "N/A", "price": "5,19\u20ac", "volume_price": "(20,76\u20ac/Kg)"}}
{"Terramoka": {"Product": "Terramoka", "Title": "Terramoka Caf\u00e9 bio Ad\u00e8le capsule biod\u00e9gradable sans aluminium, 15 capsules", "product_info": " Terramoka Caf\u00e9 bio Ad\u00e8le capsule biod\u00e9gradable sans aluminium 15 capsules   100% Arabica du Br\u00e9sil et du Mexique\r Capsule compatible \u00e0 la machine Nespresso             ", "promo": "N/A", "price": "6,19\u20ac", "volume_price": "(73,69\u20ac/Kg)"}}
{"Terramoka": {"Product": "Terramoka", "Title": "Terramoka Caf\u00e9 bio Albert capsule biod\u00e9gradable sans aluminium, 15 capsules", "product_info": " Terramoka Caf\u00e9 bio Albert capsule biod\u00e9gradable sans aluminium 15 capsules   Grand Cru 100% Arabica Bio du P\u00e9rou\r Capsule compatible \u00e0 la machine Nespresso             ", "promo": "N/A", "price": "6,19\u20ac", "volume_price": "(73,69\u20ac/Kg)"}}
{"Terramoka": {"Product": "Terramoka", "Title": "Terramoka Caf\u00e9 bio Arthur capsule biod\u00e9gradable sans aluminium, 15 capsules", "product_info": " Terramoka Caf\u00e9 bio Arthur capsule biod\u00e9gradable sans aluminium 15 capsules   100% Arabica du Br\u00e9sil et du Mexique\r Capsule compatible \u00e0 la machine Nespresso             ", "promo": "N/A", "price": "6,19\u20ac", "volume_price": "(73,69\u20ac/Kg)"}}
{"Terramoka": {"Product": "Terramoka", "Title": "Terramoka Caf\u00e9 bio P\u00e9rou type Senseo Mr Albert, 16 Dosettes", "product_info": " Terramoka Caf\u00e9 bio P\u00e9rou type Senseo Mr Albert  16 Dosettes                ", "promo": "N/A", "price": "3,10\u20ac", "volume_price": "(6,89\u20ac/Kg)"}}
{"Terramoka": {"Product": "Terramoka", "Title": "Terramoka Caf\u00e9 capsule bio Nelson D\u00e9caf\u00e9in\u00e9 biod\u00e9gradable sans aluminium, 15 capsules", "product_info": " Terramoka Caf\u00e9 capsule bio Nelson D\u00e9caf\u00e9in\u00e9 biod\u00e9gradable sans aluminium 15 capsules   Arabica bio Grand cru d\u00e9caf\u00e9in\u00e9 du P\u00e9rou\r Capsule compatible \u00e0 la machine Nespresso             ", "promo": "N/A", "price": "6,19\u20ac", "volume_price": "(73,69\u20ac/Kg)"}}
{"Rapunzel": {"Product": "Rapunzel", "Title": "Rapunzel Pur\u00e9e d'amande compl\u00e8te Bio, 250g", "product_info": " Rapunzel Pur\u00e9e d'amande compl\u00e8te Bio  250g                ", "promo": "N/A", "price": "7,99\u20ac", "volume_price": "(31,96\u20ac/Kg)"}}
{"Uni-Food": {"Product": "Uni-Food", "Title": "Uni-Food Th\u00e9 blanc goji grenade Bio, 1L", "product_info": " Uni-Food Th\u00e9 blanc goji grenade Bio 1L                ", "promo": "N/A", "price": "3,95\u20ac", "volume_price": "(3,95\u20ac/L)"}}
{"Uni-Food": {"Product": "Uni-Food", "Title": "Uni-Food Th\u00e9 blanc goji grenade Bio, 33cl", "product_info": " Uni-Food Th\u00e9 blanc goji grenade Bio 33cl                ", "promo": "N/A", "price": "2,15\u20ac", "volume_price": "(6,52\u20ac/L)"}}
{"Uni-Food": {"Product": "Uni-Food", "Title": "Uni-Food Th\u00e9 noir p\u00eache mangue aloe vera Bio, 33cl", "product_info": " Uni-Food Th\u00e9 noir p\u00eache mangue aloe vera Bio 33cl                ", "promo": "N/A", "price": "2,15\u20ac", "volume_price": "(6,52\u20ac/L)"}}
{"Uni-Food": {"Product": "Uni-Food", "Title": "Uni-Food Th\u00e9 vert gimgembre yusu ginseng Bio, 1L", "product_info": " Uni-Food Th\u00e9 vert gimgembre yusu ginseng Bio 1L                ", "promo": "N/A", "price": "3,95\u20ac", "volume_price": "(3,95\u20ac/L)"}}
{"Uni-Food": {"Product": "Uni-Food", "Title": "Uni-Food Th\u00e9 vert gimgembre yusu ginseng Bio, 33cl", "product_info": " Uni-Food Th\u00e9 vert gimgembre yusu ginseng Bio 33cl                ", "promo": "N/A", "price": "2,15\u20ac", "volume_price": "(6,52\u20ac/L)"}}
{"Altiplano ": {"Product": "Altiplano ", "Title": "Altiplano  Bi\u00e8re blonde 4.5\u00b0 Bio, 33cl", "product_info": " Altiplano  Bi\u00e8re blonde 4.5\u00b0 Bio 33cl     Origine : France           ", "promo": "N/A", "price": "2,70\u20ac", "volume_price": "(8,18\u20ac/L)"}}
{"La binchoise": {"Product": "La binchoise", "Title": "La binchoise Organic bi\u00e8re blonde 5.5\u00b0 BIO, 33cl", "product_info": " La binchoise Organic bi\u00e8re blonde 5.5\u00b0 BIO 33cl     Origine : Belgique           ", "promo": "N/A", "price": "2,75\u20ac", "volume_price": "(8,33\u20ac/L)"}}
{"Costi\u00e8res de N\u00eemes": {"Product": "Costi\u00e8res de N\u00eemes", "Title": "Costi\u00e8res de N\u00eemes Ch\u00e2teau Saint Cyrgues ros\u00e9 BIO, 75cl", "product_info": " Costi\u00e8res de N\u00eemes Ch\u00e2teau Saint Cyrgues ros\u00e9 BIO 75cl     Ann\u00e9e : 2019           ", "promo": "N/A", "price": "8,60\u20ac", "volume_price": "(11,47\u20ac/L)"}}
{"Bordeaux": {"Product": "Bordeaux", "Title": "Bordeaux Ch\u00e2teau Trijet BIO, 75cl", "product_info": " Bordeaux Ch\u00e2teau Trijet BIO 75cl     Ann\u00e9e : 2016           ", "promo": "N/A", "price": "7,20\u20ac", "volume_price": "(9,60\u20ac/L)"}}
{"Montagne Saint-Emilion": {"Product": "Montagne Saint-Emilion", "Title": "Montagne Saint-Emilion Esprit de Feuillant BIO, 75cl", "product_info": " Montagne Saint-Emilion Esprit de Feuillant BIO 75cl     Ann\u00e9e : 2017           ", "promo": "N/A", "price": "11,95\u20ac", "volume_price": "(15,93\u20ac/L)"}}
{"Secrets de Provence": {"Product": "Secrets de Provence", "Title": "Secrets de Provence Shampooing solide bio - Anti pelliculaire \u00e0 l'argile blanche, 85g", "product_info": " Secrets de Provence Shampooing solide bio - Anti pelliculaire \u00e0 l'argile blanche  85g   Facile \u00e0 transporter, \u00e9conomique & naturel             ", "promo": "N/A", "price": "6,59\u20ac", "volume_price": "(77,53\u20ac/Kg)"}}
{"Rapunzel": {"Product": "Rapunzel", "Title": "Rapunzel Datte Nour D\u00e9noyaut\u00e9es Tunisie bio, 250g", "product_info": " Rapunzel Datte Nour D\u00e9noyaut\u00e9es Tunisie bio 250g   Dattes Deglet Nour D\u00e9noyaut\u00e9es             ", "promo": "N/A", "price": "2,79\u20ac", "volume_price": "(11,16\u20ac/Kg)"}}
{"Mamie Bio": {"Product": "Mamie Bio", "Title": "Mamie Bio P\u00e2te \u00e0 tartiner chocolat noisette bio, 750g", "product_info": " Mamie Bio P\u00e2te \u00e0 tartiner chocolat noisette bio  750g   Certifi\u00e9 \u00e9quitable Fairtrade Max Havelaar             ", "promo": "N/A", "price": "9,39\u20ac", "volume_price": "(12,52\u20ac/Kg)"}}
{"Mamie Bio": {"Product": "Mamie Bio", "Title": "Mamie Bio Confiture extra Abricot bio, au sucre de canne Equitable, 320G", "product_info": " Mamie Bio Confiture extra Abricot bio, au sucre de canne Equitable 320G   Une confiture bio riche en fruits, avec 30% de sucre en moins.             ", "promo": "N/A", "price": "3,69\u20ac", "volume_price": "(11,53\u20ac/Kg)"}}
{"Mamie Bio": {"Product": "Mamie Bio", "Title": "Mamie Bio Confiture extra de fraise bio, au sucre de canne Equitable, 320g", "product_info": " Mamie Bio Confiture extra de fraise bio, au sucre de canne Equitable 320g   Une confiture bio riche en fruits, avec 30% de sucre en moins.             ", "promo": "N/A", "price": "4,19\u20ac", "volume_price": "(13,09\u20ac/Kg)"}}
{"Mamie Bio": {"Product": "Mamie Bio", "Title": "Mamie Bio Confiture extra framboise bio, au sucre de canne Equitable, 320g", "product_info": " Mamie Bio Confiture extra framboise bio, au sucre de canne Equitable 320g   Une confiture bio riche en fruits, avec 30% de sucre en moins.             ", "promo": "N/A", "price": "4,69\u20ac", "volume_price": "(14,66\u20ac/Kg)"}}
{"Danival": {"Product": "Danival", "Title": "Danival Pur\u00e9e Pomme nectarine bio 100% Origine France, 4x100g", "product_info": " Danival Pur\u00e9e Pomme nectarine bio 100% Origine France 4x100g   Sans sucres ajout\u00e9s             ", "promo": "N/A", "price": "3,67\u20ac", "volume_price": "(9,18\u20ac/Kg)"}}
{"Danival": {"Product": "Danival", "Title": "Danival Pur\u00e9e pomme kiwi bio 100% origine France, 4x100g", "product_info": " Danival Pur\u00e9e pomme kiwi bio 100% origine France 4x100g   Sans sucres ajout\u00e9s             ", "promo": "N/A", "price": "3,59\u20ac", "volume_price": "(8,98\u20ac/Kg)"}}
{"Danival": {"Product": "Danival", "Title": "Danival Pur\u00e9e pomme mirabelle 100% Origine France, 4x100g", "product_info": " Danival Pur\u00e9e pomme mirabelle 100% Origine France 4x100g   Sans sucres ajout\u00e9s             ", "promo": "N/A", "price": "3,69\u20ac", "volume_price": "(9,23\u20ac/Kg)"}}
{"Mamie Bio": {"Product": "Mamie Bio", "Title": "Mamie Bio Dessert poire bio sans sucres ajout\u00e9s, 400G", "product_info": " Mamie Bio Dessert poire bio sans sucres ajout\u00e9s 400G   Poire 100% origine France             ", "promo": "N/A", "price": "3,65\u20ac", "volume_price": "(9,13\u20ac/Kg)"}}
{"Prim\u00e9al": {"Product": "Prim\u00e9al", "Title": "Prim\u00e9al Riz m\u00e9lo soja wakam\u00e9 bio, 500g", "product_info": " Prim\u00e9al Riz m\u00e9lo soja wakam\u00e9 bio 500g   Produit Vegan, source de Prot\u00e9ines v\u00e9g\u00e9tales             ", "promo": "N/A", "price": "4,19\u20ac", "volume_price": "(8,38\u20ac/Kg)"}}
{"Rapunzel": {"Product": "Rapunzel", "Title": "Rapunzel Concentr\u00e9 tomate basilic bio, 200g", "product_info": " Rapunzel Concentr\u00e9 tomate basilic bio 200g   Pr\u00e9paration concentr\u00e9 de tomate, basilic &origan\r              ", "promo": "N/A", "price": "2,65\u20ac", "volume_price": "(13,25\u20ac/Kg)"}}
{"Ibo": {"Product": "Ibo", "Title": "Ibo Gomasio s\u00e9same noir bio, 125g", "product_info": " Ibo Gomasio s\u00e9same noir bio  125g   Condiment \u00e0 base de graines de s\u00e9same grill\u00e9es, de sel rose de l'Himalaya, et de s\u00e9same noir.             ", "promo": "N/A", "price": "3,99\u20ac", "volume_price": "(31,92\u20ac/Kg)"}}
{"Emile No\u00ebl": {"Product": "Emile No\u00ebl", "Title": "Emile No\u00ebl Huile Olive Bio AOP Baux de Provence, 25cl", "product_info": " Emile No\u00ebl Huile Olive Bio AOP Baux de Provence  25cl   Huile vierge extra extraite \u00e0 froid  Origine : France           ", "promo": "N/A", "price": "10,99\u20ac", "volume_price": "(43,96\u20ac/L)"}}
{"Mamie Bio": {"Product": "Mamie Bio", "Title": "Mamie Bio Poulet Basquaise bio, 780G", "product_info": " Mamie Bio Poulet Basquaise bio 780G   Cuisin\u00e9 en plein c\u009cur du Sud-Ouest             ", "promo": "N/A", "price": "9,75\u20ac", "volume_price": "(12,50\u20ac/Kg)"}}
{"Mamie Bio": {"Product": "Mamie Bio", "Title": "Mamie Bio Ravioli au boeuf bio, 700g", "product_info": " Mamie Bio Ravioli au boeuf bio  700g   Cuisin\u00e9 en plein c\u009cur du Sud-Ouest             ", "promo": "N/A", "price": "5,99\u20ac", "volume_price": "(8,56\u20ac/Kg)"}}
{"Prosain": {"Product": "Prosain", "Title": "Prosain Couscous aux 7 l\u00e9gumes bio, 1KG", "product_info": " Prosain Couscous aux 7 l\u00e9gumes bio 1KG   (Sans semoule)\r Pois chiches et courgettes cultiv\u00e9s en France             ", "promo": "N/A", "price": "6,90\u20ac", "volume_price": "(6,90\u20ac/Kg)"}}
{"V\u00e9g\u00e9tal Gourmand": {"Product": "V\u00e9g\u00e9tal Gourmand", "Title": "V\u00e9g\u00e9tal Gourmand Couscous de boulgour et sarrasin aux l\u00e9gumes bio, 300g", "product_info": " V\u00e9g\u00e9tal Gourmand Couscous de boulgour et sarrasin aux l\u00e9gumes bio 300g   Plat pr\u00e9par\u00e9 \u00e0 base de boulgour, sarrasin et l\u00e9gumes.    DLC : samedi 26 septembre 20           ", "promo": "N/A", "price": "5,99\u20ac", "volume_price": "(19,97\u20ac/Kg)"}}
{"V\u00e9g\u00e9tal Gourmand": {"Product": "V\u00e9g\u00e9tal Gourmand", "Title": "V\u00e9g\u00e9tal Gourmand Dahl de lentilles corail bio, au lait de coco et coriandre, 300g", "product_info": " V\u00e9g\u00e9tal Gourmand Dahl de lentilles corail bio, au lait de coco et coriandre  300g   Plat pr\u00e9par\u00e9 \u00e0 base de lentilles corail, lait de coco, graines de chanvre et coriandre             ", "promo": "N/A", "price": "5,99\u20ac", "volume_price": "(19,97\u20ac/Kg)"}}
{"Herens": {"Product": "Herens", "Title": "Herens Lardons de truite fum\u00e9e bio, 150g", "product_info": " Herens Lardons de truite fum\u00e9e bio 150g   Cubes de truite fum\u00e9es sans ar\u00eates, elev\u00e9es en eau douce   DLC : vendredi 18 septembre 20           ", "promo": "N/A", "price": "9,99\u20ac", "volume_price": "(66,60\u20ac/Kg)"}}
{"Biofarm": {"Product": "Biofarm", "Title": "Biofarm D\u00e9s de F\u00e9ta bio \u00e0 l'huile et origan, 150g", "product_info": " Biofarm D\u00e9s de F\u00e9ta bio \u00e0 l'huile et origan 150g      DLC : lundi 26 octobre 20           ", "promo": "N/A", "price": "4,99\u20ac", "volume_price": "(33,27\u20ac/Kg)"}}
{"Paul Dischamp, Ma\u00eetre affineur": {"Product": "Paul Dischamp, Ma\u00eetre affineur", "Title": "Paul Dischamp, Ma\u00eetre affineur Saint Nectaire Laitier bio AOP, Environ 220G", "product_info": " Paul Dischamp, Ma\u00eetre affineur Saint Nectaire Laitier bio AOP  Environ 220G   Fromage \u00e0 p\u00e2te press\u00e9e, non cuite, cro\u00fbte lav\u00e9e, affin\u00e9 sur paille   DLC : lundi 21 septembre 20           ", "promo": "N/A", "price": "5,89\u20ac", "volume_price": "(26,77\u20ac/Kg)"}}
{"Poire Guyot bio": {"Product": "Poire Guyot bio", "Title": "Les Paysans Bio Poire Guyot bio, Barquette de 4 pi\u00e8ces", "product_info": " Poire Guyot bio Les Paysans Bio Barquette de 4 pi\u00e8ces   Issus de l'Agriculture Biologique  \u00c0 croquer Origine : France Conservation : \u00e0 temp\u00e9rature ambiante Cat\u00e9gorie: 2  Calibre: 60/65        ", "promo": "N/A", "price": "2,49\u20ac", "volume_price": "(0,62\u20ac/pi\u00e8ce)"}}
{"Courge Spaghetti blanche bio": {"Product": "Courge Spaghetti blanche bio", "Title": "Courge Spaghetti blanche bio, 1 pi\u00e8ce", "product_info": " Courge Spaghetti blanche bio  1 pi\u00e8ce     \u00c0 gratin Origine : France Conservation : \u00e0 temp\u00e9rature ambiante Cat\u00e9gorie: 2          ", "promo": "N/A", "price": "2,25\u20ac", "volume_price": "(2,25\u20ac/pi\u00e8ce)"}}
{"P\u00e2tisson Blanc bio": {"Product": "P\u00e2tisson Blanc bio", "Title": "P\u00e2tisson Blanc bio, 1 pi\u00e8ce", "product_info": " P\u00e2tisson Blanc bio  1 pi\u00e8ce     \u00c0 cuire Origine : France Conservation : \u00e0 temp\u00e9rature ambiante Cat\u00e9gorie: 2          ", "promo": "N/A", "price": "2,99\u20ac", "volume_price": "(2,99\u20ac/pi\u00e8ce)"}}
{"La Noblesse Des Viandes Bio": {"Product": "La Noblesse Des Viandes Bio", "Title": "La Noblesse Des Viandes Bio Entrec\u00f4te de boeuf bio Charolais, Environ 270G", "product_info": " La Noblesse Des Viandes Bio Entrec\u00f4te de boeuf bio Charolais  Environ 270G   L\u0092entrec\u00f4te est une viande savoureuse, qui convient aux amateurs de viande saignante.  Origine : France DLC : mardi 22 septembre 20                      ", "promo": "N/A", "price": "9,99\u20ac", "volume_price": "(37,00\u20ac/Kg)"}}
{"La Noblesse Des Viandes Bio": {"Product": "La Noblesse Des Viandes Bio", "Title": "La Noblesse Des Viandes Bio Faux filet de boeuf bio charolais, Environ 190G", "product_info": " La Noblesse Des Viandes Bio Faux filet de boeuf bio charolais Environ 190G   Second morceau noble du b\u009cuf, le faux-filet est un morceau tendre et savoureux.  Origine : France DLC : mardi 22 septembre 20                     ", "promo": "N/A", "price": "6,99\u20ac", "volume_price": "(36,79\u20ac/Kg)"}}
{"La Noblesse Des Viandes Bio": {"Product": "La Noblesse Des Viandes Bio", "Title": "La Noblesse Des Viandes Bio Steak de boeuf bio Charolais, Environ 150G", "product_info": " La Noblesse Des Viandes Bio Steak de boeuf bio Charolais Environ 150G     Origine : France DLC : mardi 22 septembre 20                      ", "promo": "N/A", "price": "3,99\u20ac", "volume_price": "(26,60\u20ac/Kg)"}}
{"La Noblesse Des Viandes Bio": {"Product": "La Noblesse Des Viandes Bio", "Title": "La Noblesse Des Viandes Bio Escalope de veau bio, Environ 150G", "product_info": " La Noblesse Des Viandes Bio Escalope de veau bio Environ 150G   Moelleuse et savoureuse, ces escalopes de veau se d\u00e9gustent en toute occasion.  Origine : France DLC : lundi 21 septembre 20                      ", "promo": "N/A", "price": "4,69\u20ac", "volume_price": "(31,27\u20ac/Kg)"}}
{"La Noblesse Des Viandes Bio": {"Product": "La Noblesse Des Viandes Bio", "Title": "La Noblesse Des Viandes Bio C\u00f4te d'agneau bio x2, Environ 180G", "product_info": " La Noblesse Des Viandes Bio C\u00f4te d'agneau bio x2 Environ 180G   C\u00f4te d'agneau Premi\u00e8re  Origine : France DLC : jeudi 24 septembre 20                      ", "promo": "N/A", "price": "5,49\u20ac", "volume_price": "(30,50\u20ac/Kg)"}}
{"La Noblesse Des Viandes Bio": {"Product": "La Noblesse Des Viandes Bio", "Title": "La Noblesse Des Viandes Bio C\u00f4te de porc bio avec os, Environ 170G", "product_info": " La Noblesse Des Viandes Bio C\u00f4te de porc bio avec os Environ 170G     Origine : France DLC : lundi 21 septembre 20                      ", "promo": "N/A", "price": "3,89\u20ac", "volume_price": "(22,88\u20ac/Kg)"}}
{"La Noblesse Des Viandes Bio": {"Product": "La Noblesse Des Viandes Bio", "Title": "La Noblesse Des Viandes Bio Longe de porc r\u00f4ti bio, Environ 600G", "product_info": " La Noblesse Des Viandes Bio Longe de porc r\u00f4ti bio  Environ 600G     Origine : France DLC : mardi 22 septembre 20                      ", "promo": "N/A", "price": "13,99\u20ac", "volume_price": "(23,32\u20ac/Kg)"}}
{"La Noblesse Des Viandes Bio": {"Product": "La Noblesse Des Viandes Bio", "Title": "La Noblesse Des Viandes Bio Merguez bio x4, Environ 240G", "product_info": " La Noblesse Des Viandes Bio Merguez bio x4 Environ 240G   Viande de boeuf, agneau  Origine : France DLC : mardi 22 septembre 20                     ", "promo": "N/A", "price": "4,29\u20ac", "volume_price": "(17,88\u20ac/Kg)"}}
{"La Noblesse Des Viandes Bio": {"Product": "La Noblesse Des Viandes Bio", "Title": "La Noblesse Des Viandes Bio Saucisse de Porc bio x4, Environ 240G", "product_info": " La Noblesse Des Viandes Bio Saucisse de Porc bio x4 Environ 240G     Origine : France DLC : jeudi 24 septembre 20                      ", "promo": "N/A", "price": "4,79\u20ac", "volume_price": "(19,96\u20ac/Kg)"}}
{"La Noblesse Des Viandes Bio": {"Product": "La Noblesse Des Viandes Bio", "Title": "La Noblesse Des Viandes Bio Saucisse de Veau bio, Environ 240G", "product_info": " La Noblesse Des Viandes Bio Saucisse de Veau bio Environ 240G     Origine : France DLC : mardi 22 septembre 20                     ", "promo": "N/A", "price": "5,39\u20ac", "volume_price": "(22,46\u20ac/Kg)"}}
{"Ibo": {"Product": "Ibo", "Title": "Ibo Noix s\u00e8che bio coque origine France, Filet de 1kg", "product_info": " Ibo Noix s\u00e8che bio coque origine France Filet de 1kg   Vari\u00e9t\u00e9 Franquette, calibre 30/34             ", "promo": "N/A", "price": "13,99\u20ac", "volume_price": "(13,99\u20ac/Kg)"}}
{"Pronatura": {"Product": "Pronatura", "Title": "Pronatura Abricots bio d\u00e9noyaut\u00e9s, 250g", "product_info": " Pronatura Abricots bio d\u00e9noyaut\u00e9s  250g   Origine Turquie             ", "promo": "N/A", "price": "4,19\u20ac", "volume_price": "(16,76\u20ac/Kg)"}}
{"Pronatura": {"Product": "Pronatura", "Title": "Pronatura Figue bio Natural Turquie, 250g", "product_info": " Pronatura Figue bio Natural Turquie 250g                ", "promo": "N/A", "price": "4,99\u20ac", "volume_price": "(19,96\u20ac/Kg)"}}
{"Pronatura": {"Product": "Pronatura", "Title": "Pronatura Myrtilles s\u00e9ch\u00e9e bio, 125g", "product_info": " Pronatura Myrtilles s\u00e9ch\u00e9e bio  125g   Source de vitamine E\r Origine Canada             ", "promo": "N/A", "price": "13,59\u20ac", "volume_price": "(108,72\u20ac/Kg)"}}
{"Rapunzel": {"Product": "Rapunzel", "Title": "Rapunzel Banane s\u00e9ch\u00e9e en rond\u00e8le Bio, 100g", "product_info": " Rapunzel Banane s\u00e9ch\u00e9e en rond\u00e8le Bio 100g                ", "promo": "N/A", "price": "4,19\u20ac", "volume_price": "(41,90\u20ac/Kg)"}}
{"Rapunzel": {"Product": "Rapunzel", "Title": "Rapunzel Cerises griottes bio d\u00e9noyaut\u00e9es s\u00e9ch\u00e9es, 100g", "product_info": " Rapunzel Cerises griottes bio d\u00e9noyaut\u00e9es s\u00e9ch\u00e9es 100g                ", "promo": "N/A", "price": "5,29\u20ac", "volume_price": "(52,90\u20ac/Kg)"}}
{"Rapunzel": {"Product": "Rapunzel", "Title": "Rapunzel Dattes fra\u00eeches bio Mazafati Iran, 250g", "product_info": " Rapunzel Dattes fra\u00eeches bio Mazafati Iran 250g   Avec noyau, issues du commerce \u00e9quitable et solidaire             ", "promo": "N/A", "price": "4,49\u20ac", "volume_price": "(17,96\u20ac/Kg)"}}
{"Rapunzel": {"Product": "Rapunzel", "Title": "Rapunzel Mangues s\u00e9ch\u00e9es bio, 100g", "product_info": " Rapunzel Mangues s\u00e9ch\u00e9es bio 100g                ", "promo": "N/A", "price": "3,99\u20ac", "volume_price": "(39,90\u20ac/Kg)"}}
{"Rapunzel": {"Product": "Rapunzel", "Title": "Rapunzel M\u00fbres de murier Bio, 100g", "product_info": " Rapunzel M\u00fbres de murier Bio 100g                ", "promo": "N/A", "price": "4,49\u20ac", "volume_price": "(44,90\u20ac/Kg)"}}
{"Rapunzel": {"Product": "Rapunzel", "Title": "Rapunzel Physalis s\u00e9ch\u00e9es Bio, 100g", "product_info": " Rapunzel Physalis s\u00e9ch\u00e9es Bio 100g   Origine P\u00e9rou             ", "promo": "N/A", "price": "6,40\u20ac", "volume_price": "(64,00\u20ac/Kg)"}}
{"Rapunzel": {"Product": "Rapunzel", "Title": "Rapunzel Raisins de Corinthe bio, 250g", "product_info": " Rapunzel Raisins de Corinthe bio  250g   \u00e0 d\u00e9guster en en-cas, pour l'ap\u00e9ritif, \u00e0 cuisiner...             ", "promo": "N/A", "price": "4,59\u20ac", "volume_price": "(18,36\u20ac/Kg)"}}
{"Citron jaune Bio": {"Product": "Citron jaune Bio", "Title": "Citron jaune Bio, Barquette de 4 pi\u00e8ces", "product_info": " Citron jaune Bio  Barquette de 4 pi\u00e8ces   AB Agriculture Biologique  \u00c0 jus  Origine : Italie/Espagne Conservation : au frais Cat\u00e9gorie: 2          ", "promo": "N/A", "price": "4,99\u20ac", "volume_price": "(9,98\u20ac/Kg)"}}
{"Prune Bio": {"Product": "Prune Bio", "Title": "Les Paysans Bio Prune Bio, 500g", "product_info": " Prune Bio Les Paysans Bio 500g   AB Agriculture Biologique  \u00c0 croquer Origine : France Conservation : \u00e0 temp\u00e9rature ambiante Cat\u00e9gorie: 2          ", "promo": "N/A", "price": "4,99\u20ac", "volume_price": "(9,98\u20ac/Kg)"}}
{"Pomme Royal Gala bio": {"Product": "Pomme Royal Gala bio", "Title": "M'Les Pomme Royal Gala bio, Barquette de 2 pi\u00e8ces", "product_info": " Pomme Royal Gala bio M'Les Barquette de 2 pi\u00e8ces     \u00c0 compote Origine : France Conservation : \u00e0 temp\u00e9rature ambiante Cat\u00e9gorie: 2          ", "promo": "N/A", "price": "2,79\u20ac", "volume_price": "(1,40\u20ac/pi\u00e8ce)"}}
{"Banane bio": {"Product": "Banane bio", "Title": "Banane bio, Barquette de 1kg", "product_info": " Banane bio  Barquette de 1kg   AB Agriculture Biologique  \u00c0 croquer Origine : C\u00f4te d'Ivoire Conservation : \u00e0 temp\u00e9rature ambiante Cat\u00e9gorie: 2          ", "promo": "N/A", "price": "4,39\u20ac", "volume_price": "(4,39\u20ac/Kg)"}}
{"Ananas bateau bio": {"Product": "Ananas bateau bio", "Title": "Fort & Vert Ananas bateau bio, 1 pi\u00e8ce", "product_info": " Ananas bateau bio Fort & Vert 1 pi\u00e8ce   AB Agriculture Biologique  \u00c0 croquer Origine : C\u00f4te d'Ivoire Conservation : \u00e0 temp\u00e9rature ambiante Cat\u00e9gorie: 2          ", "promo": "N/A", "price": "4,69\u20ac", "volume_price": "(4,69\u20ac/pi\u00e8ce)"}}
{"Avocat Bio": {"Product": "Avocat Bio", "Title": "Avocat Bio, Barquette de 2 pi\u00e8ces", "product_info": " Avocat Bio  Barquette de 2 pi\u00e8ces     \u00c0 salade Origine : P\u00e9rou Conservation : au frais Cat\u00e9gorie: 2  Calibre: 22        ", "promo": "N/A", "price": "5,39\u20ac", "volume_price": "(2,70\u20ac/pi\u00e8ce)"}}
{"Avocat Hass bio": {"Product": "Avocat Hass bio", "Title": "Avocat Hass bio, 2 pi\u00e8ces", "product_info": " Avocat Hass bio  2 pi\u00e8ces   Certifi\u00e9 AB Agriculture Biologique\r   \u00c0 croquer Origine : P\u00e9rou Conservation : au frais Cat\u00e9gorie: 2  Calibre: 18        ", "promo": "N/A", "price": "3,19\u20ac", "volume_price": "(1,60\u20ac/pi\u00e8ce)"}}
{"Kiwi bio": {"Product": "Kiwi bio", "Title": "Les Paysans Bio Kiwi bio, Barquette de 4 fruits", "product_info": " Kiwi bio Les Paysans Bio Barquette de 4 fruits     \u00c0 croquer Origine : Chili Conservation : \u00e0 temp\u00e9rature ambiante Cat\u00e9gorie: 1  Calibre: 36        ", "promo": "N/A", "price": "3,99\u20ac", "volume_price": "(1,00\u20ac/pi\u00e8ce)"}}
{"Aloe Vera bio": {"Product": "Aloe Vera bio", "Title": "Les Paysans Bio Aloe Vera bio, 1 feuille", "product_info": " Aloe Vera bio Les Paysans Bio 1 feuille     \u00c0 jus  Origine : Espagne Conservation : au frais Cat\u00e9gorie: 2          ", "promo": "N/A", "price": "3,59\u20ac", "volume_price": "(3,59\u20ac/pi\u00e8ce)"}}
{"Curcuma bio": {"Product": "Curcuma bio", "Title": "Les Paysans Bio Curcuma bio, Barquette de 200g", "product_info": " Curcuma bio Les Paysans Bio Barquette de 200g     \u00c0 aromatiser Origine : P\u00e9rou Cat\u00e9gorie: 2          ", "promo": "N/A", "price": "2,69\u20ac", "volume_price": "(13,45\u20ac/Kg)"}}
{"Gingembre bio": {"Product": "Gingembre bio", "Title": "Gingembre bio, Barquette de 250g", "product_info": " Gingembre bio  Barquette de 250g   AB Agriculture Biologique  \u00c0 aromatiser Origine : P\u00e9rou Conservation : au frais Cat\u00e9gorie: 2          ", "promo": "N/A", "price": "3,99\u20ac", "volume_price": "(15,96\u20ac/Kg)"}}
{"Abricots D\u00e9noyaut\u00e9s bio": {"Product": "Abricots D\u00e9noyaut\u00e9s bio", "Title": "Bioday Abricots D\u00e9noyaut\u00e9s bio, Sachet de 250g", "product_info": " Abricots D\u00e9noyaut\u00e9s bio Bioday Sachet de 250g     \u00c0 croquer Origine : Turquie Conservation : \u00e0 temp\u00e9rature ambiante DLC : mercredi 28 juillet 21 Cat\u00e9gorie: 2          ", "promo": "N/A", "price": "3,99\u20ac", "volume_price": "(15,96\u20ac/Kg)"}}
{"Figues s\u00e9ch\u00e9es bio": {"Product": "Figues s\u00e9ch\u00e9es bio", "Title": "Bioday Figues s\u00e9ch\u00e9es bio, Sachet de 250g", "product_info": " Figues s\u00e9ch\u00e9es bio Bioday Sachet de 250g     \u00c0 croquer Origine : Turquie Conservation : \u00e0 temp\u00e9rature ambiante DLC : jeudi 06 mai 21 Cat\u00e9gorie: 2          ", "promo": "N/A", "price": "5,79\u20ac", "volume_price": "(23,16\u20ac/Kg)"}}
{"M\u00e9lange Sportif bio": {"Product": "M\u00e9lange Sportif bio", "Title": "Bioday M\u00e9lange Sportif bio, Sachet de 125g", "product_info": " M\u00e9lange Sportif bio Bioday Sachet de 125g     \u00c0 croquer Origine : Import Conservation : \u00e0 temp\u00e9rature ambiante DLC : mardi 04 mai 21 Cat\u00e9gorie: 2          ", "promo": "N/A", "price": "4,39\u20ac", "volume_price": "(35,12\u20ac/Kg)"}}
{"Noisettes D\u00e9cortiqu\u00e9es Bio": {"Product": "Noisettes D\u00e9cortiqu\u00e9es Bio", "Title": "Bioday Noisettes D\u00e9cortiqu\u00e9es Bio, Sachet de 250g", "product_info": " Noisettes D\u00e9cortiqu\u00e9es Bio Bioday Sachet de 250g   Issu de l'Agriculture Biologique  \u00c0 croquer Origine : Turquie Conservation : \u00e0 temp\u00e9rature ambiante DLC : mercredi 05 mai 21 Cat\u00e9gorie: 2          ", "promo": "N/A", "price": "7,45\u20ac", "volume_price": "(29,80\u20ac/Kg)"}}
{"Pommes S\u00e9ch\u00e9es bio": {"Product": "Pommes S\u00e9ch\u00e9es bio", "Title": "Bioday Pommes S\u00e9ch\u00e9es bio, Sachet de 50g", "product_info": " Pommes S\u00e9ch\u00e9es bio Bioday Sachet de 50g     \u00c0 croquer Origine : Hongrie Conservation : \u00e0 temp\u00e9rature ambiante DLC : mardi 24 ao\u00fbt 21 Cat\u00e9gorie: 2          ", "promo": "N/A", "price": "2,09\u20ac", "volume_price": "(41,80\u20ac/Kg)"}}
{"Raisins Sultanine Bio": {"Product": "Raisins Sultanine Bio", "Title": "Bioday Raisins Sultanine Bio, Sachet de 250g", "product_info": " Raisins Sultanine Bio Bioday Sachet de 250g     \u00c0 croquer Origine : Turquie Conservation : \u00e0 temp\u00e9rature ambiante DLC : dimanche 31 octobre 21 Cat\u00e9gorie: 2          ", "promo": "N/A", "price": "3,25\u20ac", "volume_price": "(13,00\u20ac/Kg)"}}
{"M\u00e9lange de fruits bio": {"Product": "M\u00e9lange de fruits bio", "Title": "Fort & Vert M\u00e9lange de fruits bio, Corbeille de 1kg", "product_info": " M\u00e9lange de fruits bio Fort & Vert Corbeille de 1kg   Certifi\u00e9 AB Agriculture Biologique  \u00c0 croquer Origine : Import Conservation : \u00e0 temp\u00e9rature ambiante           ", "promo": "N/A", "price": "6,39\u20ac", "volume_price": "(6,39\u20ac/Kg)"}}
{"Aubergine Bio": {"Product": "Aubergine Bio", "Title": "M'Les Aubergine Bio, Barquette de 600g", "product_info": " Aubergine Bio M'Les Barquette de 600g   AB Agriculture Biologique  \u00c0 cuire Origine : France Conservation : au frais Cat\u00e9gorie: 2          ", "promo": "N/A", "price": "4,99\u20ac", "volume_price": "(8,32\u20ac/Kg)"}}
{"Courgette bio": {"Product": "Courgette bio", "Title": "Les Paysans Bio Courgette bio, Barquette de 1kg", "product_info": " Courgette bio Les Paysans Bio Barquette de 1kg     \u00c0 cuire Origine : France Conservation : au frais Cat\u00e9gorie: 2  Calibre: 14-21        ", "promo": "N/A", "price": "3,69\u20ac", "volume_price": "(3,69\u20ac/Kg)"}}
{"Concombre bio": {"Product": "Concombre bio", "Title": "Concombre bio, 1 pi\u00e8ce", "product_info": " Concombre bio  1 pi\u00e8ce   Issu de l'agriculture biologique  \u00c0 salade Origine : Espagne Conservation : au frais Cat\u00e9gorie: 2          ", "promo": "N/A", "price": "2,29\u20ac", "volume_price": "(2,29\u20ac/pi\u00e8ce)"}}
{"Tomate Grappe Bio": {"Product": "Tomate Grappe Bio", "Title": "M'Les Tomate Grappe Bio, Barquette de 500g", "product_info": " Tomate Grappe Bio M'Les Barquette de 500g     \u00c0 salade Origine : Italie Conservation : \u00e0 temp\u00e9rature ambiante Cat\u00e9gorie: 2          ", "promo": "N/A", "price": "4,19\u20ac", "volume_price": "(8,38\u20ac/Kg)"}}
{"Tomate Cerise grappe bio": {"Product": "Tomate Cerise grappe bio", "Title": "Tomate Cerise grappe bio, Barquette de 250g", "product_info": " Tomate Cerise grappe bio  Barquette de 250g     Ap\u00e9ritif Origine : Italie Conservation : \u00e0 temp\u00e9rature ambiante Cat\u00e9gorie: 2          ", "promo": "N/A", "price": "1,69\u20ac", "volume_price": "(6,76\u20ac/Kg)"}}
{"Tomate cerise bio": {"Product": "Tomate cerise bio", "Title": "Les Paysans Bio Tomate cerise bio, Barquette de 250g", "product_info": " Tomate cerise bio Les Paysans Bio Barquette de 250g     Ap\u00e9ritif Origine : France Conservation : \u00e0 temp\u00e9rature ambiante Cat\u00e9gorie: 2          ", "promo": "N/A", "price": "2,49\u20ac", "volume_price": "(9,96\u20ac/Kg)"}}
{"Melon (moyen) bio": {"Product": "Melon (moyen) bio", "Title": "Les Paysans Bio Melon (moyen) bio, 1 pi\u00e8ce", "product_info": " Melon (moyen) bio Les Paysans Bio 1 pi\u00e8ce     \u00c0 croquer Origine : France Conservation : \u00e0 temp\u00e9rature ambiante Cat\u00e9gorie: 2  Calibre: 12        ", "promo": "N/A", "price": "4,19\u20ac", "volume_price": "(4,19\u20ac/pi\u00e8ce)"}}
{"Poireau bio": {"Product": "Poireau bio", "Title": "Poireau bio, Botte de 500g", "product_info": " Poireau bio  Botte de 500g   Poireau primeur  \u00c0 cuire Origine : France Conservation : au frais Cat\u00e9gorie: 2          ", "promo": "N/A", "price": "4,49\u20ac", "volume_price": "(8,98\u20ac/Kg)"}}
{"Carotte bio": {"Product": "Carotte bio", "Title": "Bioleyre Carotte bio, Sachet de 1kg", "product_info": " Carotte bio Bioleyre Sachet de 1kg     \u00c0 cuire Origine : France Conservation : au frais Cat\u00e9gorie: 2  Calibre: 20/50        ", "promo": "N/A", "price": "2,99\u20ac", "volume_price": "(2,99\u20ac/Kg)"}}
{"Chou vert lisse bio": {"Product": "Chou vert lisse bio", "Title": "Les Paysans Bio Chou vert lisse bio, 1 pi\u00e8ce", "product_info": " Chou vert lisse bio Les Paysans Bio 1 pi\u00e8ce   AB Agriculture Biologique  \u00c0 salade Origine : France Conservation : au frais Cat\u00e9gorie: 2          ", "promo": "N/A", "price": "3,49\u20ac", "volume_price": "(3,49\u20ac/pi\u00e8ce)"}}
{"Oignon Jaune bio": {"Product": "Oignon Jaune bio", "Title": "La Perle Oignon Jaune bio, Filet de 1kg", "product_info": " Oignon Jaune bio La Perle Filet de 1kg     \u00c0 aromatiser Origine : France Conservation : \u00e0 temp\u00e9rature ambiante Cat\u00e9gorie: 2  Calibre: 50/70        ", "promo": "N/A", "price": "6,99\u20ac", "volume_price": "(6,99\u20ac/Kg)"}}
{"Oignon Rouge bio": {"Product": "Oignon Rouge bio", "Title": "La Perle Oignon Rouge bio, Filet de 1kg", "product_info": " Oignon Rouge bio La Perle Filet de 1kg     \u00c0 aromatiser  Conservation : \u00e0 temp\u00e9rature ambiante Cat\u00e9gorie: 2          ", "promo": "N/A", "price": "5,59\u20ac", "volume_price": "(5,59\u20ac/Kg)"}}
{"Ail 3 t\u00eates bio": {"Product": "Ail 3 t\u00eates bio", "Title": "La Perle Ail 3 t\u00eates bio, Filet de 200g", "product_info": " Ail 3 t\u00eates bio La Perle Filet de 200g     \u00c0 aromatiser Origine : Espagne Conservation : \u00e0 temp\u00e9rature ambiante Cat\u00e9gorie: 2  Calibre: 60/80        ", "promo": "N/A", "price": "5,69\u20ac", "volume_price": "(28,45\u20ac/Kg)"}}
{"Fenouil bio": {"Product": "Fenouil bio", "Title": "M'Les Fenouil bio, Barquette de 1 pi\u00e8ce", "product_info": " Fenouil bio M'Les Barquette de 1 pi\u00e8ce   AB agriculture Biologique\r   \u00c0 cuire Origine : Italie Conservation : au frais Cat\u00e9gorie: 2          ", "promo": "N/A", "price": "2,79\u20ac", "volume_price": "(8,72\u20ac/Kg)"}}
{"Basilic bio frais": {"Product": "Basilic bio frais", "Title": "Basilic bio frais, 1 pot", "product_info": " Basilic bio frais  1 pot   AB Agriculture Biologique  \u00c0 aromatiser Origine : Belgique           ", "promo": "N/A", "price": "1,99\u20ac", "volume_price": "(1,99\u20ac/pi\u00e8ce)"}}
{"Ciboulette fra\u00eeche bio": {"Product": "Ciboulette fra\u00eeche bio", "Title": "Ciboulette fra\u00eeche bio, 1 pot", "product_info": " Ciboulette fra\u00eeche bio  1 pot   AB Agriculture Biologique  \u00c0 aromatiser Origine : Belgique           ", "promo": "N/A", "price": "1,99\u20ac", "volume_price": "(1,99\u20ac/pi\u00e8ce)"}}
{"Menthe fra\u00eeche bio": {"Product": "Menthe fra\u00eeche bio", "Title": "Menthe fra\u00eeche bio, 1 pot", "product_info": " Menthe fra\u00eeche bio  1 pot   AB agriculture Biologique  \u00c0 aromatiser Origine : Belgique           ", "promo": "N/A", "price": "1,99\u20ac", "volume_price": "(1,99\u20ac/pi\u00e8ce)"}}
{"Fructivia": {"Product": "Fructivia", "Title": "Fructivia M\u00e9lange de 4 fruits s\u00e9ch\u00e9s, bio, 200g", "product_info": " Fructivia M\u00e9lange de 4 fruits s\u00e9ch\u00e9s, bio 200g   Canneberge, M\u00fbres, Physalis, Myrtille             ", "promo": "N/A", "price": "9,99\u20ac", "volume_price": "(49,95\u20ac/Kg)"}}
{"Fructivia": {"Product": "Fructivia", "Title": "Fructivia Noix de Cajou bio, 130g", "product_info": " Fructivia Noix de Cajou bio 130g                ", "promo": "N/A", "price": "6,89\u20ac", "volume_price": "(53,00\u20ac/Kg)"}}
{"Fructivia": {"Product": "Fructivia", "Title": "Fructivia Noix de Coco bio en copeaux, 50g", "product_info": " Fructivia Noix de Coco bio en copeaux 50g                ", "promo": "N/A", "price": "3,69\u20ac", "volume_price": "(73,80\u20ac/Kg)"}}
{"Fructivia": {"Product": "Fructivia", "Title": "Fructivia Noix du Br\u00e9sil bio, 130g", "product_info": " Fructivia Noix du Br\u00e9sil bio 130g                ", "promo": "N/A", "price": "6,99\u20ac", "volume_price": "(53,77\u20ac/Kg)"}}
{"Fructivia": {"Product": "Fructivia", "Title": "Fructivia Pignons de C\u00e8dre bio, 140g", "product_info": " Fructivia Pignons de C\u00e8dre bio 140g                ", "promo": "N/A", "price": "10,99\u20ac", "volume_price": "(78,50\u20ac/Kg)"}}
{"Pronatura": {"Product": "Pronatura", "Title": "Pronatura Amandes Bio Emond\u00e9es, 125g", "product_info": " Pronatura Amandes Bio Emond\u00e9es 125g   Origine Espagne             ", "promo": "N/A", "price": "5,19\u20ac", "volume_price": "(41,52\u20ac/Kg)"}}
{"Pronatura": {"Product": "Pronatura", "Title": "Pronatura Amandes bio effil\u00e9es Espagne, 125g", "product_info": " Pronatura Amandes bio effil\u00e9es Espagne  125g                ", "promo": "N/A", "price": "4,49\u20ac", "volume_price": "(35,92\u20ac/Kg)"}}
{"Pronatura": {"Product": "Pronatura", "Title": "Pronatura Amandes d\u00e9cortiqu\u00e9es de Californie bio, 125g", "product_info": " Pronatura Amandes d\u00e9cortiqu\u00e9es de Californie bio 125g                ", "promo": "N/A", "price": "5,42\u20ac", "volume_price": "(43,36\u20ac/Kg)"}}
{"Pronatura": {"Product": "Pronatura", "Title": "Pronatura Bananes chips bio, 125g", "product_info": " Pronatura Bananes chips bio 125g   Origine Philippines             ", "promo": "N/A", "price": "2,18\u20ac", "volume_price": "(17,44\u20ac/Kg)"}}
{"Pronatura": {"Product": "Pronatura", "Title": "Pronatura Bananes chips bio, 2x125g", "product_info": " Pronatura Bananes chips bio 2x125g   Origine Philippines             ", "promo": "N/A", "price": "4,36\u20ac", "volume_price": "(17,44\u20ac/Kg)"}}
{"Pronatura": {"Product": "Pronatura", "Title": "Pronatura Cranberries bio origine Canada, 125g", "product_info": " Pronatura Cranberries bio origine Canada 125g                ", "promo": "N/A", "price": "3,99\u20ac", "volume_price": "(31,92\u20ac/Kg)"}}
{"Pronatura": {"Product": "Pronatura", "Title": "Pronatura Dattes fra\u00eeches bio  Mazafati, 500g", "product_info": " Pronatura Dattes fra\u00eeches bio  Mazafati  500g                ", "promo": "N/A", "price": "7,99\u20ac", "volume_price": "(15,98\u20ac/Kg)"}}
{"Pronatura": {"Product": "Pronatura", "Title": "Pronatura M\u00e9lange Etudiant bio, 250g", "product_info": " Pronatura M\u00e9lange Etudiant bio  250g   M\u00e9lange de fruits secs bio raisins secs, noix de cajou, amandes et noisettes.              ", "promo": "N/A", "price": "4,99\u20ac", "volume_price": "(19,96\u20ac/Kg)"}}
{"Pronatura": {"Product": "Pronatura", "Title": "Pronatura Pistaches Bio sal\u00e9es grill\u00e9es, 125g", "product_info": " Pronatura Pistaches Bio sal\u00e9es grill\u00e9es 125g   Avec coques, origine Espagne             ", "promo": "N/A", "price": "5,99\u20ac", "volume_price": "(47,92\u20ac/Kg)"}}
{"Pronatura": {"Product": "Pronatura", "Title": "Pronatura Pruneaux d'Agen bio entiers avec noyaux IGP, 500g", "product_info": " Pronatura Pruneaux d'Agen bio entiers avec noyaux IGP 500g   Calibre 33/44             ", "promo": "N/A", "price": "7,99\u20ac", "volume_price": "(15,98\u20ac/Kg)"}}
{"Rapunzel": {"Product": "Rapunzel", "Title": "Rapunzel Cacahu\u00e8tes bio en coque, 500g", "product_info": " Rapunzel Cacahu\u00e8tes bio en coque  500g   Arachides en coques grill\u00e9es             ", "promo": "N/A", "price": "6,99\u20ac", "volume_price": "(13,98\u20ac/Kg)"}}
{"Rapunzel": {"Product": "Rapunzel", "Title": "Rapunzel Cocktail \u00e9tudiant de graines bio, 250g", "product_info": " Rapunzel Cocktail \u00e9tudiant de graines bio 250g                ", "promo": "N/A", "price": "6,99\u20ac", "volume_price": "(27,96\u20ac/Kg)"}}
{"Rapunzel": {"Product": "Rapunzel", "Title": "Rapunzel Dattes Bio Deglet Nour avec Noyaux, 500g", "product_info": " Rapunzel Dattes Bio Deglet Nour avec Noyaux 500g                ", "promo": "N/A", "price": "5,99\u20ac", "volume_price": "(11,98\u20ac/Kg)"}}
{"Rapunzel": {"Product": "Rapunzel", "Title": "Rapunzel Noix de P\u00e9can Bio P\u00e9rou, 100G", "product_info": " Rapunzel Noix de P\u00e9can Bio P\u00e9rou 100G                ", "promo": "N/A", "price": "6,67\u20ac", "volume_price": "(66,70\u20ac/Kg)"}}
{"Rapunzel": {"Product": "Rapunzel", "Title": "Rapunzel Noix de cajou enti\u00e8re bio, 100G", "product_info": " Rapunzel Noix de cajou enti\u00e8re bio 100G   Origine Inde             ", "promo": "N/A", "price": "5,69\u20ac", "volume_price": "(56,90\u20ac/Kg)"}}
{"Rapunzel": {"Product": "Rapunzel", "Title": "Rapunzel Noix du Br\u00e9sil Bio, 100g", "product_info": " Rapunzel Noix du Br\u00e9sil Bio 100g                ", "promo": "N/A", "price": "4,49\u20ac", "volume_price": "(44,90\u20ac/Kg)"}}
{"Rapunzel": {"Product": "Rapunzel", "Title": "Rapunzel Rondelle de pomme s\u00e9ch\u00e9es bio, 100g", "product_info": " Rapunzel Rondelle de pomme s\u00e9ch\u00e9es bio 100g                ", "promo": "N/A", "price": "5,15\u20ac", "volume_price": "(51,50\u20ac/Kg)"}}
{"Organica": {"Product": "Organica", "Title": "Organica Ananas Crunchy bio d\u00e9shydrat\u00e9, 16g", "product_info": " Organica Ananas Crunchy bio d\u00e9shydrat\u00e9 16g   Crunchy FRUIT est une gamme de fruits biologiques lyophilis\u00e9s.             ", "promo": "N/A", "price": "2,99\u20ac", "volume_price": "(186,88\u20ac/Kg)"}}
{"Organica": {"Product": "Organica", "Title": "Organica Myrtille Crunchy bio d\u00e9shydrat\u00e9e, 12g", "product_info": " Organica Myrtille Crunchy bio d\u00e9shydrat\u00e9e 12g   Crunchy FRUIT est une gamme de fruits biologiques lyophilis\u00e9s.             ", "promo": "N/A", "price": "2,99\u20ac", "volume_price": "(186,88\u20ac/Kg)"}}
{"Organica": {"Product": "Organica", "Title": "Organica M\u00fbre Crunchy bio d\u00e9shydrat\u00e9e, 16g", "product_info": " Organica M\u00fbre Crunchy bio d\u00e9shydrat\u00e9e 16g   Crunchy FRUIT est une gamme de fruits biologiques lyophilis\u00e9s.             ", "promo": "N/A", "price": "2,99\u20ac", "volume_price": "(186,88\u20ac/Kg)"}}
{"Pronatura": {"Product": "Pronatura", "Title": "Pronatura Gingembre confits bio, 250g", "product_info": " Pronatura Gingembre confits bio 250g                ", "promo": "N/A", "price": "4,99\u20ac", "volume_price": "(19,96\u20ac/Kg)"}}
{"Ibo": {"Product": "Ibo", "Title": "Ibo Cerneaux de noix Bio, 80g", "product_info": " Ibo Cerneaux de noix Bio 80g                ", "promo": "N/A", "price": "4,65\u20ac", "volume_price": "(58,13\u20ac/Kg)"}}
{"Pronatura": {"Product": "Pronatura", "Title": "Pronatura Cerneaux de noix bio Origine France, 125g", "product_info": " Pronatura Cerneaux de noix bio Origine France 125g                ", "promo": "N/A", "price": "7,19\u20ac", "volume_price": "(57,52\u20ac/Kg)"}}
{"Pronatura": {"Product": "Pronatura", "Title": "Pronatura Pignon de pin bio, 125g", "product_info": " Pronatura Pignon de pin bio 125g   Riche en fer             ", "promo": "N/A", "price": "14,99\u20ac", "volume_price": "(119,92\u20ac/Kg)"}}
{"Rapunzel": {"Product": "Rapunzel", "Title": "Rapunzel Amande effil\u00e9es Bio, 100g", "product_info": " Rapunzel Amande effil\u00e9es Bio 100g   Origine Espagne             ", "promo": "N/A", "price": "4,99\u20ac", "volume_price": "(49,90\u20ac/Kg)"}}
{"Rapunzel": {"Product": "Rapunzel", "Title": "Rapunzel Noix de coco r\u00e2p\u00e9e bio, 250g", "product_info": " Rapunzel Noix de coco r\u00e2p\u00e9e bio 250g                ", "promo": "N/A", "price": "4,55\u20ac", "volume_price": "(18,20\u20ac/Kg)"}}
{"Rapunzel": {"Product": "Rapunzel", "Title": "Rapunzel P\u00e2te de Dattes Bio Deglet Nour de Tunisie, 500g", "product_info": " Rapunzel P\u00e2te de Dattes Bio Deglet Nour de Tunisie 500g                ", "promo": "N/A", "price": "3,89\u20ac", "volume_price": "(7,78\u20ac/Kg)"}}
{"Lou Prunel": {"Product": "Lou Prunel", "Title": "Lou Prunel Pruneau d'Agen IGP  Bio, 250g", "product_info": " Lou Prunel Pruneau d'Agen IGP  Bio 250g   Calibre T.Gros 44/55             ", "promo": "N/A", "price": "5,43\u20ac", "volume_price": "(21,72\u20ac/Kg)"}}
{"Lou Prunel": {"Product": "Lou Prunel", "Title": "Lou Prunel Pruneaux bio D\u00e9noyaut\u00e9s G\u00e9ant calibre 33/44, 500G", "product_info": " Lou Prunel Pruneaux bio D\u00e9noyaut\u00e9s G\u00e9ant calibre 33/44 500G                ", "promo": "N/A", "price": "11,99\u20ac", "volume_price": "(23,98\u20ac/Kg)"}}
{"Bonneterre": {"Product": "Bonneterre", "Title": "Bonneterre Avoine cuisine bio, 20cl", "product_info": " Bonneterre Avoine cuisine bio 20cl   Pr\u00e9paration culinaire biologique \u00e0 base d'avoine st\u00e9rilis\u00e9e UHT, sans sucre ajout\u00e9.             ", "promo": "N/A", "price": "1,51\u20ac", "volume_price": "(7,55\u20ac/L)"}}
{"Bonneterre": {"Product": "Bonneterre", "Title": "Bonneterre Cr\u00e8me de coco cuisine bio, 20cl", "product_info": " Bonneterre Cr\u00e8me de coco cuisine bio 20cl   Aide culinaire biologique all\u00e9g\u00e9e en mati\u00e8res grasses \u00e0 base de noix de coco, st\u00e9rilis\u00e9e UHT             ", "promo": "N/A", "price": "2,10\u20ac", "volume_price": "(10,50\u20ac/L)"}}
{"Bonneterre": {"Product": "Bonneterre", "Title": "Bonneterre Soja du chef bio, 25cl", "product_info": " Bonneterre Soja du chef bio 25cl   Pr\u00e9paration culinaire biologique \u00e0 base de soja st\u00e9rilis\u00e9e UHT             ", "promo": "N/A", "price": "1,75\u20ac", "volume_price": "(7,00\u20ac/L)"}}
{"Bonval": {"Product": "Bonval", "Title": "Bonval Entrec\u00f4te de boeuf bio, Environ 250g", "product_info": " Bonval Entrec\u00f4te de boeuf bio Environ 250g   A griller.\r Viandes issues de l'agriculture Biologique  Origine : France DLC : lundi 21 septembre 20                      ", "promo": "N/A", "price": "12,79\u20ac", "volume_price": "(51,16\u20ac/Kg)"}}
{"Nature De France": {"Product": "Nature De France", "Title": "Nature De France Poulet blanc Bio, 1,35kg", "product_info": " Nature De France Poulet blanc Bio 1,35kg     Origine : France DLC : lundi 14 septembre 20                      ", "promo": "N/A", "price": "14,25\u20ac", "volume_price": "(10,56\u20ac/Kg)"}}
{"Nature De France": {"Product": "Nature De France", "Title": "Nature De France Filet de poulet blanc Bio, 2x125g", "product_info": " Nature De France Filet de poulet blanc Bio 2x125g   le 81 Jours d'\u00e9levage minimum  Origine : France DLC : jeudi 17 septembre 20                      ", "promo": "N/A", "price": "8,90\u20ac", "volume_price": "(35,60\u20ac/Kg)"}}
{"Nature De France": {"Product": "Nature De France", "Title": "Nature De France Aiguillette de poulet fermier Bio, 250g", "product_info": " Nature De France Aiguillette de poulet fermier Bio 250g     Origine : France DLC : vendredi 18 septembre 20                      ", "promo": "N/A", "price": "9,69\u20ac", "volume_price": "(38,76\u20ac/Kg)"}}
{"Rostain": {"Product": "Rostain", "Title": "Rostain Chipolatas bio x4, 230g", "product_info": " Rostain Chipolatas bio x4 230g     Origine : France DLC : mardi 22 septembre 20                      ", "promo": "N/A", "price": "6,39\u20ac", "volume_price": "(27,78\u20ac/Kg)"}}
{"Rostain": {"Product": "Rostain", "Title": "Rostain Saucissette Bio aux herbes de Provence x4, 220g", "product_info": " Rostain Saucissette Bio aux herbes de Provence x4 220g   Porc, Boeuf, Mouton, sans nitrite ajout\u00e9  Origine : France DLC : vendredi 11 septembre 20                      ", "promo": "N/A", "price": "5,79\u20ac", "volume_price": "(26,32\u20ac/Kg)"}}
{"Bonval": {"Product": "Bonval", "Title": "Bonval Bavette d'aloyau de boeuf Bio \u00e0 griller, Environ 150g", "product_info": " Bonval Bavette d'aloyau de boeuf Bio \u00e0 griller Environ 150g   Viandes issues de l'agriculture Biologique   Origine : France DLC : lundi 21 septembre 20                      ", "promo": "N/A", "price": "6,58\u20ac", "volume_price": "(43,87\u20ac/Kg)"}}
{"Bonval": {"Product": "Bonval", "Title": "Bonval Bifteck de Boeuf Bio x2, Environ 320g", "product_info": " Bonval Bifteck de Boeuf Bio x2 Environ 320g   A griller.\r Viande issue de l'agriculture Biologique  Origine : France DLC : jeudi 17 septembre 20                      ", "promo": "N/A", "price": "11,69\u20ac", "volume_price": "(36,53\u20ac/Kg)"}}
{"Bonval": {"Product": "Bonval", "Title": "Bonval Escalope de Veau Bio X2, Environ 300g", "product_info": " Bonval Escalope de Veau Bio X2 Environ 300g     Origine : France DLC : dimanche 13 septembre 20                      ", "promo": "N/A", "price": "15,85\u20ac", "volume_price": "(52,83\u20ac/Kg)"}}
{"Bonval": {"Product": "Bonval", "Title": "Bonval Noisette d'Agneau Bio x2, Environ 250g", "product_info": " Bonval Noisette d'Agneau Bio x2 Environ 250g   A griller  Origine : France DLC : samedi 12 septembre 20                      ", "promo": "N/A", "price": "14,01\u20ac", "volume_price": "(56,04\u20ac/Kg)"}}
{"Bonval": {"Product": "Bonval", "Title": "Bonval Tranche de Gigot d'Agneau Bio x1, Environ 150g", "product_info": " Bonval Tranche de Gigot d'Agneau Bio x1 Environ 150g   sans os, \u00e0 griller  Origine : France DLC : mardi 15 septembre 20                      ", "promo": "N/A", "price": "6,89\u20ac", "volume_price": "(45,93\u20ac/Kg)"}}
{"Faget, Artisan Boucher": {"Product": "Faget, Artisan Boucher", "Title": "Faget, Artisan Boucher Boeuf Bourguignon Bio, Environ 1 kg", "product_info": " Faget, Artisan Boucher Boeuf Bourguignon Bio Environ 1 kg   Viande \u00e0 mijoter  Origine : France DLC : lundi 21 septembre 20                      ", "promo": "N/A", "price": "25,44\u20ac", "volume_price": "(25,44\u20ac/Kg)"}}
{"Faget, Artisan Boucher": {"Product": "Faget, Artisan Boucher", "Title": "Faget, Artisan Boucher Navarin d'Agneau Bio \u00e0 mijoter, Environ 700g", "product_info": " Faget, Artisan Boucher Navarin d'Agneau Bio \u00e0 mijoter Environ 700g     Origine : France DLC : mercredi 16 septembre 20                      ", "promo": "N/A", "price": "14,69\u20ac", "volume_price": "(20,99\u20ac/Kg)"}}
{"Nature De France": {"Product": "Nature De France", "Title": "Nature De France Cuisses de poulet blanc Bio, 2x275g", "product_info": " Nature De France Cuisses de poulet blanc Bio 2x275g   le 81 Jours d'\u00e9levage minimum  Origine : France DLC : lundi 14 septembre 20                      ", "promo": "N/A", "price": "9,99\u20ac", "volume_price": "(18,16\u20ac/Kg)"}}
{"Nature De France": {"Product": "Nature De France", "Title": "Nature De France Eminc\u00e9 cuisse de poulet Bio, 140g", "product_info": " Nature De France Eminc\u00e9 cuisse de poulet Bio 140g     Origine : France DLC : jeudi 10 septembre 20                      ", "promo": "N/A", "price": "3,69\u20ac", "volume_price": "(26,36\u20ac/Kg)"}}
{"Nature De France": {"Product": "Nature De France", "Title": "Nature De France Cordons Bleus Bio, 2x100g", "product_info": " Nature De France Cordons Bleus Bio 2x100g   Volaille fran\u00e7aise   Origine : France DLC : mercredi 16 septembre 20           ", "promo": "N/A", "price": "5,49\u20ac", "volume_price": "(27,45\u20ac/Kg)"}}
{"Nature De France": {"Product": "Nature De France", "Title": "Nature De France Crousti de volaille bio, 200g", "product_info": " Nature De France Crousti de volaille bio  200g     Origine : France DLC : jeudi 17 septembre 20           ", "promo": "N/A", "price": "4,59\u20ac", "volume_price": "(22,95\u20ac/Kg)"}}
{"Nature De France": {"Product": "Nature De France", "Title": "Nature De France Escalope volaille milanaise bio, 180g", "product_info": " Nature De France Escalope volaille milanaise bio 180g     Origine : France DLC : dimanche 20 septembre 20           ", "promo": "N/A", "price": "4,89\u20ac", "volume_price": "(27,17\u20ac/Kg)"}}
{"Rostain": {"Product": "Rostain", "Title": "Rostain C\u00f4te de porc bio dans le filet sans os, Environ 2x115g", "product_info": " Rostain C\u00f4te de porc bio dans le filet sans os  Environ 2x115g   A griller  Origine : France DLC : jeudi 17 septembre 20                      ", "promo": "N/A", "price": "5,75\u20ac", "volume_price": "(25,00\u20ac/Kg)"}}
{"Rostain": {"Product": "Rostain", "Title": "Rostain R\u00f4ti de porc bio dans le filet, Envrion 800g", "product_info": " Rostain R\u00f4ti de porc bio dans le filet Envrion 800g   A r\u00f4tir\r   Origine : France DLC : jeudi 17 septembre 20                      ", "promo": "N/A", "price": "19,75\u20ac", "volume_price": "(24,69\u20ac/Kg)"}}
{"Rostain": {"Product": "Rostain", "Title": "Rostain Filet mignon bio de porc entier, Environ 450g", "product_info": " Rostain Filet mignon bio de porc entier Environ 450g     Origine : France DLC : jeudi 17 septembre 20                      ", "promo": "N/A", "price": "15,99\u20ac", "volume_price": "(35,53\u20ac/Kg)"}}
{"Rostain": {"Product": "Rostain", "Title": "Rostain Merguez Bio boeuf agneau x4, 230g", "product_info": " Rostain Merguez Bio boeuf agneau x4 230g   Exclusivement fabriqu\u00e9e \u00e0 partir de viande de boeuf et d'agneau  Origine : France DLC : vendredi 18 septembre 20                      ", "promo": "N/A", "price": "6,89\u20ac", "volume_price": "(29,96\u20ac/Kg)"}}
{"Rostain": {"Product": "Rostain", "Title": "Rostain Saucisses du berger Bio aux herbes de provences x4, 248g", "product_info": " Rostain Saucisses du berger Bio aux herbes de provences x4 248g   Porc et mouton  Origine : France DLC : vendredi 11 septembre 20                      ", "promo": "N/A", "price": "6,89\u20ac", "volume_price": "(27,78\u20ac/Kg)"}}
{"Rostain": {"Product": "Rostain", "Title": "Rostain Saucisse de Toulouse Bio, 2x110g", "product_info": " Rostain Saucisse de Toulouse Bio 2x110g   Sans Nitrite ajout\u00e9  Origine : France DLC : mardi 22 septembre 20                      ", "promo": "N/A", "price": "5,89\u20ac", "volume_price": "(26,77\u20ac/Kg)"}}
{"Herens": {"Product": "Herens", "Title": "Herens Saumon fum\u00e9 Ecosse Bio, 80g, 2 tranches", "product_info": " Herens Saumon fum\u00e9 Ecosse Bio, 80g 2 tranches   certifi\u00e9 agriculture biologique   DLC : lundi 21 septembre 20           ", "promo": "N/A", "price": "7,39\u20ac", "volume_price": "(92,38\u20ac/Kg)"}}
{"BioVerde": {"Product": "BioVerde", "Title": "BioVerde Filet de truite bio fum\u00e9e, 100g", "product_info": " BioVerde Filet de truite bio fum\u00e9e 100g      DLC : jeudi 24 septembre 20           ", "promo": "N/A", "price": "7,99\u20ac", "volume_price": "(79,90\u20ac/Kg)"}}
{"Biobleud": {"Product": "Biobleud", "Title": "Biobleud 6 Blinis bio, 180g", "product_info": " Biobleud 6 Blinis bio 180g   Accompagn\u00e9 de cr\u00e8me fra\u00eeche, saumon, oeufs de lump ou caviar.   DLC : lundi 28 septembre 20           ", "promo": "N/A", "price": "3,78\u20ac", "volume_price": "(21,00\u20ac/Kg)"}}
{"Bleu Vert": {"Product": "Bleu Vert", "Title": "Bleu Vert Nuggets de saumon bio, 180G", "product_info": " Bleu Vert Nuggets de saumon bio  180G   Pr\u00e9paration pan\u00e9e, cuite \u00e0 base de saumon issu de l'Agriculture biologique.\r Environ 9 nuggets   DLC : vendredi 18 septembre 20           ", "promo": "N/A", "price": "5,35\u20ac", "volume_price": "(29,72\u20ac/Kg)"}}
{"Bonneterre": {"Product": "Bonneterre", "Title": "Bonneterre Brandade de Morue Parmentier MSC, 250g", "product_info": " Bonneterre Brandade de Morue Parmentier MSC 250g   Morue issue de la p\u00eache durable, lait et cr\u00e8me fra\u00eeche de Bretagne   DLC : vendredi 18 septembre 20           ", "promo": "N/A", "price": "7,99\u20ac", "volume_price": "(31,96\u20ac/Kg)"}}
{"Bonneterre": {"Product": "Bonneterre", "Title": "Bonneterre Filets de maquereaux fum\u00e9s MSC, 200g", "product_info": " Bonneterre Filets de maquereaux fum\u00e9s MSC 200g   Filets de maquereaux fum\u00e9s nature au bois de H\u00eatre   DLC : mardi 29 septembre 20           ", "promo": "N/A", "price": "6,12\u20ac", "volume_price": "(30,60\u20ac/Kg)"}}
{"Bord \u00e0 Bord": {"Product": "Bord \u00e0 Bord", "Title": "Bord \u00e0 Bord Tartare d'algues bio, 110g", "product_info": " Bord \u00e0 Bord Tartare d'algues bio 110g      DLC : samedi 05 d\u00e9cembre 20           ", "promo": "N/A", "price": "5,20\u20ac", "volume_price": "(47,27\u20ac/Kg)"}}
{"D\u00e9lices d'o": {"Product": "D\u00e9lices d'o", "Title": "D\u00e9lices d'o Anchois marin\u00e9s \u00e0 l'huile d'olive bio, 125g", "product_info": " D\u00e9lices d'o Anchois marin\u00e9s \u00e0 l'huile d'olive bio 125g   Riche en acide gras et om\u00e9ga 3   DLC : dimanche 15 novembre 20           ", "promo": "N/A", "price": "7,89\u20ac", "volume_price": "(63,12\u20ac/Kg)"}}
{"D\u00e9lices d'o": {"Product": "D\u00e9lices d'o", "Title": "D\u00e9lices d'o Filet de limande MSC enrobage meuni\u00e8re biologique x2, 200g", "product_info": " D\u00e9lices d'o Filet de limande MSC enrobage meuni\u00e8re biologique x2 200g   Filet de limande p\u00eache durable MSC et enrobage meuni\u00e8re biologique (filet v\u00e9ritable).    DLC : lundi 14 septembre 20           ", "promo": "N/A", "price": "5,63\u20ac", "volume_price": "(28,15\u20ac/Kg)"}}
{"Herens": {"Product": "Herens", "Title": "Herens Saumon fum\u00e9 Norv\u00e8ge 160g bio, 4 tranches", "product_info": " Herens Saumon fum\u00e9 Norv\u00e8ge 160g bio 4 tranches   Agriculture Biologique,Certifi\u00e9 Ecocert   DLC : mercredi 16 septembre 20           ", "promo": "N/A", "price": "11,49\u20ac", "volume_price": "(71,81\u20ac/Kg)"}}
{"Herens": {"Product": "Herens", "Title": "Herens Truite fum\u00e9e bio, 130g, 3 tranches", "product_info": " Herens Truite fum\u00e9e bio, 130g 3 tranches      DLC : mardi 15 septembre 20           ", "promo": "N/A", "price": "8,99\u20ac", "volume_price": "(69,15\u20ac/Kg)"}}
{"J.BARTHOUIL": {"Product": "J.BARTHOUIL", "Title": "J.BARTHOUIL Tarama Cabillaud, Bio, 100g", "product_info": " J.BARTHOUIL Tarama Cabillaud, Bio 100g      DLC : vendredi 11 septembre 20           ", "promo": "N/A", "price": "3,68\u20ac", "volume_price": "(36,80\u20ac/Kg)"}}
{"Les Entr\u00e9es De La Mer": {"Product": "Les Entr\u00e9es De La Mer", "Title": "Les Entr\u00e9es De La Mer Terrine de Saumon bio x2 tranches, 150g", "product_info": " Les Entr\u00e9es De La Mer Terrine de Saumon bio x2 tranches 150g      DLC : mercredi 16 septembre 20           ", "promo": "N/A", "price": "5,99\u20ac", "volume_price": "(39,93\u20ac/Kg)"}}
{"Noroc\u00e9an": {"Product": "Noroc\u00e9an", "Title": "Noroc\u00e9an Pav\u00e9 de saumon bio x2, Environ 300g", "product_info": " Noroc\u00e9an Pav\u00e9 de saumon bio x2 Environ 300g   AB Agriculture Biologique\r Avec peau (non \u00e9caill\u00e9) et arr\u00eates  Origine : Ecosse DLC : jeudi 10 septembre 20           ", "promo": "N/A", "price": "14,99\u20ac", "volume_price": "(49,97\u20ac/Kg)"}}
{"Noroc\u00e9an": {"Product": "Noroc\u00e9an", "Title": "Noroc\u00e9an Filet de Saumon Bio, Environ 300g", "product_info": " Noroc\u00e9an Filet de Saumon Bio Environ 300g   AB Agriculture Biologique\r Avec peau (non \u00e9caill\u00e9) et ar\u00eates  Origine : Norv\u00e8ge / Ecosse / Irlande DLC : dimanche 13 septembre 20           ", "promo": "N/A", "price": "15,59\u20ac", "volume_price": "(51,97\u20ac/Kg)"}}
{"Noroc\u00e9an": {"Product": "Noroc\u00e9an", "Title": "Noroc\u00e9an Bar Bio vid\u00e9, Environ 400g", "product_info": " Noroc\u00e9an Bar Bio vid\u00e9 Environ 400g   AB Agriculture Biologique\r Bar vid\u00e9, non \u00e9caill\u00e9  Origine : Gr\u00e8ce DLC : jeudi 10 septembre 20           ", "promo": "N/A", "price": "9,99\u20ac", "volume_price": "(24,98\u20ac/Kg)"}}
{"Noroc\u00e9an": {"Product": "Noroc\u00e9an", "Title": "Noroc\u00e9an Daurade Royale Bio, Environ 450g", "product_info": " Noroc\u00e9an Daurade Royale Bio Environ 450g   AB Agriculture Biologique\r Poisson vid\u00e9 et non \u00e9caill\u00e9  Origine : Gr\u00e8ce DLC : dimanche 13 septembre 20           ", "promo": "N/A", "price": "11,49\u20ac", "volume_price": "(25,53\u20ac/Kg)"}}
{"Noroc\u00e9an": {"Product": "Noroc\u00e9an", "Title": "Noroc\u00e9an Filet de Bar Bio, Environ 250g", "product_info": " Noroc\u00e9an Filet de Bar Bio Environ 250g   AB Agriculture Biologique\r Avec peau (non \u00e9caill\u00e9) et ar\u00eates  Origine : Gr\u00e8ce DLC : dimanche 13 septembre 20           ", "promo": "N/A", "price": "12,69\u20ac", "volume_price": "(50,76\u20ac/Kg)"}}
{"Noroc\u00e9an": {"Product": "Noroc\u00e9an", "Title": "Noroc\u00e9an Filet de Dorade Bio, Environ 260g", "product_info": " Noroc\u00e9an Filet de Dorade Bio Environ 260g   AB Agriculture Biologique\r Avec peau (non \u00e9caill\u00e9) et ar\u00eates  Origine : Gr\u00e8ce DLC : dimanche 13 septembre 20           ", "promo": "N/A", "price": "13,49\u20ac", "volume_price": "(51,88\u20ac/Kg)"}}
{"Noroc\u00e9an": {"Product": "Noroc\u00e9an", "Title": "Noroc\u00e9an Crevette bio cuite r\u00e9frig\u00e9r\u00e9e, 200g", "product_info": " Noroc\u00e9an Crevette bio cuite r\u00e9frig\u00e9r\u00e9e 200g   calibre 40/60, issues de l'agriculture biologique  Origine : Equateur DLC : dimanche 13 septembre 20           ", "promo": "N/A", "price": "6,49\u20ac", "volume_price": "(32,45\u20ac/Kg)"}}
{"BioVerde": {"Product": "BioVerde", "Title": "BioVerde Fromage Toast & Burger bio, 150g", "product_info": " BioVerde Fromage Toast & Burger bio 150g   Fromage fondu en tranche bio   DLC : vendredi 08 janvier 21           ", "promo": "N/A", "price": "2,99\u20ac", "volume_price": "(19,93\u20ac/Kg)"}}
{"BioVerde": {"Product": "BioVerde", "Title": "BioVerde Petit fromage fondu Bio, 8x25g", "product_info": " BioVerde Petit fromage fondu Bio 8x25g   Cr\u00e8me de fromage biologique fondu, 8 portions   DLC : dimanche 25 octobre 20           ", "promo": "N/A", "price": "3,99\u20ac", "volume_price": "(19,95\u20ac/Kg)"}}
{"Biofarm": {"Product": "Biofarm", "Title": "Biofarm F\u00e9ta grecque bio 46% Mat.gr, 180g", "product_info": " Biofarm F\u00e9ta grecque bio 46% Mat.gr 180g   Fabrication traditionnelle Grecque\r Appellation d'origine prot\u00e9g\u00e9e   DLC : lundi 26 avril 21           ", "promo": "N/A", "price": "4,69\u20ac", "volume_price": "(26,06\u20ac/Kg)"}}
{"Lait Plaisirs": {"Product": "Lait Plaisirs", "Title": "Lait Plaisirs Buche de chevre bio, 150g", "product_info": " Lait Plaisirs Buche de chevre bio 150g      DLC : lundi 05 octobre 20           ", "promo": "N/A", "price": "5,24\u20ac", "volume_price": "(34,93\u20ac/Kg)"}}
{"Lait Plaisirs": {"Product": "Lait Plaisirs", "Title": "Lait Plaisirs P\u00e9rail de brebis affin\u00e9, bio, 140g", "product_info": " Lait Plaisirs P\u00e9rail de brebis affin\u00e9, bio 140g      DLC : lundi 14 septembre 20           ", "promo": "N/A", "price": "5,99\u20ac", "volume_price": "(42,79\u20ac/Kg)"}}
{"R Bio": {"Product": "R Bio", "Title": "R Bio Emmental bio rap\u00e9 au lait cru, 200g", "product_info": " R Bio Emmental bio rap\u00e9 au lait cru 200g   AB Agriculture Biologique   DLC : lundi 12 octobre 20           ", "promo": "N/A", "price": "4,75\u20ac", "volume_price": "(23,75\u20ac/Kg)"}}
{"R Bio": {"Product": "R Bio", "Title": "R Bio Emmental Bio rap\u00e9 au lait cru, Lot de 3x70g", "product_info": " R Bio Emmental Bio rap\u00e9 au lait cru Lot de 3x70g   AB Agriculture Biologique   DLC : lundi 19 octobre 20           ", "promo": "N/A", "price": "5,55\u20ac", "volume_price": "(26,43\u20ac/Kg)"}}
{"R Bio": {"Product": "R Bio", "Title": "R Bio Comt\u00e9 rap\u00e9 Bio au lait cru, Lot de 3x100g", "product_info": " R Bio Comt\u00e9 rap\u00e9 Bio au lait cru Lot de 3x100g   AB Agriculture Biologique   DLC : lundi 19 octobre 20           ", "promo": "N/A", "price": "8,97\u20ac", "volume_price": "(29,90\u20ac/Kg)"}}
{"Tante H\u00e9l\u00e8ne": {"Product": "Tante H\u00e9l\u00e8ne", "Title": "Tante H\u00e9l\u00e8ne Saint Paulin Bio en tranchettes, 170g", "product_info": " Tante H\u00e9l\u00e8ne Saint Paulin Bio en tranchettes 170g   8 Tranches   DLC : jeudi 24 septembre 20           ", "promo": "N/A", "price": "3,99\u20ac", "volume_price": "(23,47\u20ac/Kg)"}}
{"BioVerde": {"Product": "BioVerde", "Title": "BioVerde D\u00e9s de Feta bio marin\u00e9s aux herbes, 125g", "product_info": " BioVerde D\u00e9s de Feta bio marin\u00e9s aux herbes 125g      DLC : vendredi 02 octobre 20           ", "promo": "N/A", "price": "3,99\u20ac", "volume_price": "(31,92\u20ac/Kg)"}}
{"BioVerde": {"Product": "BioVerde", "Title": "BioVerde Manouri bio Fromage grec au petit lait, 150g", "product_info": " BioVerde Manouri bio Fromage grec au petit lait 150g   Une alternative plut\u00f4t douce et cr\u00e9meuse \u00e0 la Feta.   DLC : mercredi 09 d\u00e9cembre 20           ", "promo": "N/A", "price": "4,29\u20ac", "volume_price": "(28,60\u20ac/Kg)"}}
{"BioVerde": {"Product": "BioVerde", "Title": "BioVerde Feta grecque bio marin\u00e9e aux herbes, 150g", "product_info": " BioVerde Feta grecque bio marin\u00e9e aux herbes 150g      DLC : vendredi 11 d\u00e9cembre 20           ", "promo": "N/A", "price": "4,79\u20ac", "volume_price": "(31,93\u20ac/Kg)"}}
{"BioVerde": {"Product": "BioVerde", "Title": "BioVerde Feta bio grecque originale, 180g", "product_info": " BioVerde Feta bio grecque originale 180g   Au lait de brebis et de ch\u00e8vre   DLC : jeudi 25 mars 21           ", "promo": "N/A", "price": "4,59\u20ac", "volume_price": "(25,50\u20ac/Kg)"}}
{"BioVerde": {"Product": "BioVerde", "Title": "BioVerde Pecorino Romano bio D.O.P.,, 125g", "product_info": " BioVerde Pecorino Romano bio D.O.P., 125g      DLC : dimanche 01 novembre 20           ", "promo": "N/A", "price": "6,29\u20ac", "volume_price": "(50,32\u20ac/Kg)"}}
{"Biologica": {"Product": "Biologica", "Title": "Biologica Mozzarella Perle de bufflonne bio, 125g", "product_info": " Biologica Mozzarella Perle de bufflonne bio 125g   Fromage a p\u00e2te fil\u00e9e, agriculture biologique   DLC : samedi 12 septembre 20           ", "promo": "N/A", "price": "3,42\u20ac", "volume_price": "(27,36\u20ac/Kg)"}}
{"Bonneterre": {"Product": "Bonneterre", "Title": "Bonneterre Cancoillotte bio, 200g", "product_info": " Bonneterre Cancoillotte bio 200g   Sp\u00e9cialit\u00e9 fromag\u00e8re fondue de Franche-Comt\u00e9   DLC : vendredi 16 octobre 20           ", "promo": "N/A", "price": "4,41\u20ac", "volume_price": "(22,05\u20ac/Kg)"}}
{"Bonneterre": {"Product": "Bonneterre", "Title": "Bonneterre Pyramide de ch\u00e8vre frais bio, 125g", "product_info": " Bonneterre Pyramide de ch\u00e8vre frais bio 125g   Fromage de ch\u00e8vre pasteuris\u00e9 fondant au go\u00fbt frais   DLC : samedi 02 janvier 21           ", "promo": "N/A", "price": "5,45\u20ac", "volume_price": "(43,60\u20ac/Kg)"}}
{"Bonneterre": {"Product": "Bonneterre", "Title": "Bonneterre Mozzarelladi di Bufala campana bio, 125g", "product_info": " Bonneterre Mozzarelladi di Bufala campana bio 125g   Fromage frais \u00e0 p\u00e2te fil\u00e9e   DLC : vendredi 25 septembre 20           ", "promo": "N/A", "price": "1,95\u20ac", "volume_price": "(15,60\u20ac/Kg)"}}
{"Bonneterre": {"Product": "Bonneterre", "Title": "Bonneterre Gruy\u00e8re suisse bio AOP, 200g", "product_info": " Bonneterre Gruy\u00e8re suisse bio AOP 200g   Fromage \u00e0 p\u00e2te pr\u00e9ss\u00e9e cuite au lait cru   DLC : vendredi 06 novembre 20           ", "promo": "N/A", "price": "8,39\u20ac", "volume_price": "(41,95\u20ac/Kg)"}}
{"Bonneterre": {"Product": "Bonneterre", "Title": "Bonneterre Emmental rap\u00e9 bio, 200g", "product_info": " Bonneterre Emmental rap\u00e9 bio 200g   Au lait pasteuris\u00e9, Riche en calcium   DLC : dimanche 08 novembre 20           ", "promo": "N/A", "price": "3,68\u20ac", "volume_price": "(18,40\u20ac/Kg)"}}
{"Bonneterre": {"Product": "Bonneterre", "Title": "Bonneterre Parmesan AOP Rap\u00e9 bio, 50g", "product_info": " Bonneterre Parmesan AOP Rap\u00e9 bio 50g   Parmigiano Reggiano A.O.P R\u00e2p\u00e9e - Fromage r\u00e2p\u00e9 \u00e0 p\u00e2te dure    DLC : lundi 30 novembre 20           ", "promo": "N/A", "price": "2,55\u20ac", "volume_price": "(51,00\u20ac/Kg)"}}
{"Bonneterre": {"Product": "Bonneterre", "Title": "Bonneterre Gouda bio au fromage de ch\u00e8vre, 250g", "product_info": " Bonneterre Gouda bio au fromage de ch\u00e8vre 250g   Fromage \u00e0 p\u00e2te press\u00e9e non cuite au lait pasteuris\u00e9 de ch\u00e8vre   DLC : lundi 25 janvier 21           ", "promo": "N/A", "price": "8,99\u20ac", "volume_price": "(35,96\u20ac/Kg)"}}
{"Bonneterre": {"Product": "Bonneterre", "Title": "Bonneterre Gouda au cumin bio, 250g", "product_info": " Bonneterre Gouda au cumin bio 250g   Fromage \u00e0 p\u00e2te press\u00e9e non cuite au lait pasteuris\u00e9 de vache et au cumin                   DLC : lundi 11 janvier 21           ", "promo": "N/A", "price": "6,69\u20ac", "volume_price": "(26,76\u20ac/Kg)"}}
{"Bonneterre": {"Product": "Bonneterre", "Title": "Bonneterre Gouda vieux bio, 250g", "product_info": " Bonneterre Gouda vieux bio 250g   Fromage \u00e0 p\u00e2te press\u00e9e non cuite au lait pasteuris\u00e9 de vache.   DLC : dimanche 25 octobre 20           ", "promo": "N/A", "price": "7,64\u20ac", "volume_price": "(30,56\u20ac/Kg)"}}
{"Bonneterre": {"Product": "Bonneterre", "Title": "Bonneterre L'ovale tendre bio, 200G", "product_info": " Bonneterre L'ovale tendre bio 200G   Fromage \u00e0 p\u00e2te molle et \u00e0 cro\u00fbte fleurie, texture fondante   DLC : vendredi 02 octobre 20           ", "promo": "N/A", "price": "4,99\u20ac", "volume_price": "(24,95\u20ac/Kg)"}}
{"Fromagerie de la L\u00e9mance": {"Product": "Fromagerie de la L\u00e9mance", "Title": "Fromagerie de la L\u00e9mance Crottin bio de ch\u00e8vre, 2x60g", "product_info": " Fromagerie de la L\u00e9mance Crottin bio de ch\u00e8vre 2x60g   Fromage au lait de ch\u00e8vre pasteuris\u00e9.\r AB Agriculture Biologique   DLC : jeudi 24 septembre 20           ", "promo": "N/A", "price": "5,29\u20ac", "volume_price": "(44,08\u20ac/Kg)"}}
{"La l\u00e9mance": {"Product": "La l\u00e9mance", "Title": "La l\u00e9mance B\u00fbche de Ch\u00e8vre Bio, 150g", "product_info": " La l\u00e9mance B\u00fbche de Ch\u00e8vre Bio 150g   Fromage au lait de ch\u00e8vre pasteuris\u00e9.   DLC : jeudi 01 octobre 20           ", "promo": "N/A", "price": "4,99\u20ac", "volume_price": "(33,27\u20ac/Kg)"}}
{"Lait Plaisirs": {"Product": "Lait Plaisirs", "Title": "Lait Plaisirs Fourme d'Ambert Bio AOP, 150g", "product_info": " Lait Plaisirs Fourme d'Ambert Bio AOP 150g   Au Lait Entier   DLC : samedi 24 octobre 20           ", "promo": "N/A", "price": "3,99\u20ac", "volume_price": "(26,60\u20ac/Kg)"}}
{"Lait Plaisirs": {"Product": "Lait Plaisirs", "Title": "Lait Plaisirs Bleu d'Auvergne AOP, bio, 125g", "product_info": " Lait Plaisirs Bleu d'Auvergne AOP, bio 125g      DLC : samedi 31 octobre 20           ", "promo": "N/A", "price": "3,66\u20ac", "volume_price": "(29,28\u20ac/Kg)"}}
{"Lait Plaisirs": {"Product": "Lait Plaisirs", "Title": "Lait Plaisirs Roquefort AOP, bio, 100g", "product_info": " Lait Plaisirs Roquefort AOP, bio 100g   Au lait cru   DLC : jeudi 29 octobre 20           ", "promo": "N/A", "price": "3,82\u20ac", "volume_price": "(38,20\u20ac/Kg)"}}
{"Lait Plaisirs": {"Product": "Lait Plaisirs", "Title": "Lait Plaisirs Emmental bio 45 % MG, 240g", "product_info": " Lait Plaisirs Emmental bio 45 % MG 240g      DLC : lundi 12 octobre 20           ", "promo": "N/A", "price": "5,25\u20ac", "volume_price": "(21,88\u20ac/Kg)"}}
{"Lait Plaisirs": {"Product": "Lait Plaisirs", "Title": "Lait Plaisirs Emmental R\u00e2p\u00e9, Bio, 70g", "product_info": " Lait Plaisirs Emmental R\u00e2p\u00e9, Bio 70g   Lait cru collect\u00e9 en Franche Comt\u00e9.   DLC : lundi 28 septembre 20           ", "promo": "N/A", "price": "1,76\u20ac", "volume_price": "(25,14\u20ac/Kg)"}}
{"Lait Plaisirs": {"Product": "Lait Plaisirs", "Title": "Lait Plaisirs Morbier lait cru bio, 200g", "product_info": " Lait Plaisirs Morbier lait cru bio  200g   Fromage au lait cru bio de vache, \u00e0 p\u00e2te press\u00e9e non cuite   DLC : mardi 06 octobre 20           ", "promo": "N/A", "price": "6,32\u20ac", "volume_price": "(31,60\u20ac/Kg)"}}
{"Lait Plaisirs": {"Product": "Lait Plaisirs", "Title": "Lait Plaisirs Cantal AOP entre deux, bio, 200g", "product_info": " Lait Plaisirs Cantal AOP entre deux, bio 200g   Au lait cru, Affin\u00e9 au minimum 120 jours   DLC : vendredi 25 septembre 20           ", "promo": "N/A", "price": "5,55\u20ac", "volume_price": "(27,75\u20ac/Kg)"}}
{"Le Monts\u00fbrais": {"Product": "Le Monts\u00fbrais", "Title": "Le Monts\u00fbrais Coulommiers bio, 350g", "product_info": " Le Monts\u00fbrais Coulommiers bio 350g   Issu de l'agriculture biologique, certifi\u00e9 AB. Fabriqu\u00e9 en mayenne   DLC : vendredi 09 octobre 20           ", "promo": "N/A", "price": "5,39\u20ac", "volume_price": "(15,40\u20ac/Kg)"}}
{"Le Monts\u00fbrais": {"Product": "Le Monts\u00fbrais", "Title": "Le Monts\u00fbrais Pointe de brie Bio, 180g", "product_info": " Le Monts\u00fbrais Pointe de brie Bio 180g      DLC : vendredi 16 octobre 20           ", "promo": "N/A", "price": "3,79\u20ac", "volume_price": "(21,06\u20ac/Kg)"}}
{"Leicht": {"Product": "Leicht", "Title": "Leicht Edam all\u00e9g\u00e9 en tranchette, Bio, 125g", "product_info": " Leicht Edam all\u00e9g\u00e9 en tranchette, Bio 125g   6-7 tranchettes   DLC : mercredi 30 septembre 20           ", "promo": "N/A", "price": "2,99\u20ac", "volume_price": "(23,92\u20ac/Kg)"}}
{"Les Petites Laiteries": {"Product": "Les Petites Laiteries", "Title": "Les Petites Laiteries Fleurs d'Ouiaille Bio, 150g", "product_info": " Les Petites Laiteries Fleurs d'Ouiaille Bio 150g     Origine : France DLC : lundi 05 octobre 20           ", "promo": "N/A", "price": "5,49\u20ac", "volume_price": "(36,60\u20ac/Kg)"}}
{"Massif Jurassien": {"Product": "Massif Jurassien", "Title": "Massif Jurassien Comt\u00e9 Bio au lait cru, 200g", "product_info": " Massif Jurassien Comt\u00e9 Bio au lait cru 200g   Appellation d'Origine Prot\u00e9g\u00e9e.   DLC : dimanche 27 septembre 20           ", "promo": "N/A", "price": "6,48\u20ac", "volume_price": "(32,40\u20ac/Kg)"}}
{"Oma": {"Product": "Oma", "Title": "Oma Gouda Bio en tranchettes, 125g", "product_info": " Oma Gouda Bio en tranchettes 125g      DLC : mercredi 14 octobre 20           ", "promo": "N/A", "price": "2,90\u20ac", "volume_price": "(23,20\u20ac/Kg)"}}
{"Papillon": {"Product": "Papillon", "Title": "Papillon Roquefort bio au lait cru, 100g", "product_info": " Papillon Roquefort bio au lait cru 100g   Fromage \u00e0 p\u00e2te persill\u00e9e au lait cru de brebis.\r  AB, issu de l'agriculture biologique   DLC : samedi 31 octobre 20           ", "promo": "N/A", "price": "3,64\u20ac", "volume_price": "(36,40\u20ac/Kg)"}}
{"ParmaBio": {"Product": "ParmaBio", "Title": "ParmaBio Parmigiano Reggiano bio en copeaux, 80g", "product_info": " ParmaBio Parmigiano Reggiano bio en copeaux  80g   Le plus c\u00e9l\u00e8bre des fromages italiens   DLC : jeudi 26 novembre 20           ", "promo": "N/A", "price": "5,85\u20ac", "volume_price": "(73,13\u20ac/Kg)"}}
{"ParmaBio": {"Product": "ParmaBio", "Title": "ParmaBio Parmigiano Reggiano bio en bloc, 100g", "product_info": " ParmaBio Parmigiano Reggiano bio en bloc 100g   A r\u00e2per.\r Plus de 30 mois d'affinage   DLC : lundi 09 novembre 20           ", "promo": "N/A", "price": "7,62\u20ac", "volume_price": "(76,20\u20ac/Kg)"}}
{"ParmaBio": {"Product": "ParmaBio", "Title": "ParmaBio Parmesan r\u00e2p\u00e9 bio, 100g", "product_info": " ParmaBio Parmesan r\u00e2p\u00e9 bio 100g   Parmigiano reggianio   DLC : dimanche 22 novembre 20           ", "promo": "N/A", "price": "5,86\u20ac", "volume_price": "(58,60\u20ac/Kg)"}}
{"Parra Camino": {"Product": "Parra Camino", "Title": "Parra Camino Manchego sec Bio, au lait de Brebis, 200g", "product_info": " Parra Camino Manchego sec Bio, au lait de Brebis 200g      DLC : mardi 04 janvier 22           ", "promo": "N/A", "price": "6,76\u20ac", "volume_price": "(33,80\u20ac/Kg)"}}
{"R Bio": {"Product": "R Bio", "Title": "R Bio Emmental Bio portion, 240g", "product_info": " R Bio Emmental Bio portion 240g   AB Agriculture Biologique   DLC : lundi 12 octobre 20           ", "promo": "N/A", "price": "5,85\u20ac", "volume_price": "(24,38\u20ac/Kg)"}}
{"R Bio": {"Product": "R Bio", "Title": "R Bio Gruy\u00e8re Bio IGP au lait cru, 200g", "product_info": " R Bio Gruy\u00e8re Bio IGP au lait cru 200g   Fromage \u00e0 p\u00e2te press\u00e9e cuite   DLC : lundi 12 octobre 20           ", "promo": "N/A", "price": "5,99\u20ac", "volume_price": "(29,95\u20ac/Kg)"}}
{"R Bio": {"Product": "R Bio", "Title": "R Bio Emmental Bio rap\u00e9 au lait cru, 70g", "product_info": " R Bio Emmental Bio rap\u00e9 au lait cru 70g   AB Agriculture Biologique   DLC : lundi 19 octobre 20           ", "promo": "N/A", "price": "1,85\u20ac", "volume_price": "(26,43\u20ac/Kg)"}}
{"Lait Plaisirs": {"Product": "Lait Plaisirs", "Title": "Lait Plaisirs Lait sans lactose Bio demi-\u00e9cr\u00e9m\u00e9 UHT, Lot de 6x1L", "product_info": " Lait Plaisirs Lait sans lactose Bio demi-\u00e9cr\u00e9m\u00e9 UHT Lot de 6x1L      DLC : jeudi 29 octobre 20           ", "promo": "N/A", "price": "17,94\u20ac", "volume_price": "(2,99\u20ac/L)"}}
{"Os\u00e9 Bio": {"Product": "Os\u00e9 Bio", "Title": "Os\u00e9 Bio Lait BIO 1/2 \u00e9cr\u00e9m\u00e9 uht, Lot de  6x1L", "product_info": " Os\u00e9 Bio Lait BIO 1/2 \u00e9cr\u00e9m\u00e9 uht Lot de  6x1L   AB agriculture Biologique             ", "promo": "N/A", "price": "8,16\u20ac", "volume_price": "(1,36\u20ac/L)"}}
{"Vilact\u00e9e": {"Product": "Vilact\u00e9e", "Title": "Vilact\u00e9e Lait bio 1/2 \u00e9cr\u00e9m\u00e9, Lot de 6x1L", "product_info": " Vilact\u00e9e Lait bio 1/2 \u00e9cr\u00e9m\u00e9 Lot de 6x1L   Lait collect\u00e9 en France             ", "promo": "N/A", "price": "10,74\u20ac", "volume_price": "(1,79\u20ac/L)"}}
{"Bonneterre": {"Product": "Bonneterre", "Title": "Bonneterre Lait bio 1/2 \u00e9cr\u00e9m\u00e9 UHT, Lot de 6x1L", "product_info": " Bonneterre Lait bio 1/2 \u00e9cr\u00e9m\u00e9 UHT Lot de 6x1L   Lait demi-\u00e9cr\u00e9m\u00e9 issu de l'agriculture biologique - st\u00e9rilis\u00e9 UHT             ", "promo": "N/A", "price": "11,94\u20ac", "volume_price": "(1,99\u20ac/L)"}}
{"Bonneterre": {"Product": "Bonneterre", "Title": "Bonneterre Lait bio 1/2 \u00e9cr\u00e9m\u00e9 UHT, Lot de 6x50cl", "product_info": " Bonneterre Lait bio 1/2 \u00e9cr\u00e9m\u00e9 UHT Lot de 6x50cl   Lait demi-\u00e9cr\u00e9m\u00e9 issu de l'agriculture biologique - st\u00e9rilis\u00e9 UHT             ", "promo": "N/A", "price": "9,30\u20ac", "volume_price": "(3,10\u20ac/L)"}}
{"Grandeur nature": {"Product": "Grandeur nature", "Title": "Grandeur nature Lait Chocolat\u00e9 Biologique, 6x20cl", "product_info": " Grandeur nature Lait Chocolat\u00e9 Biologique 6x20cl                ", "promo": "N/A", "price": "5,34\u20ac", "volume_price": "(4,45\u20ac/L)"}}
{"Lait Plaisirs": {"Product": "Lait Plaisirs", "Title": "Lait Plaisirs Lait sans lactose Bio demi-\u00e9cr\u00e9m\u00e9 UHT, 1L", "product_info": " Lait Plaisirs Lait sans lactose Bio demi-\u00e9cr\u00e9m\u00e9 UHT 1L      DLC : jeudi 29 octobre 20           ", "promo": "N/A", "price": "2,99\u20ac", "volume_price": "(2,99\u20ac/L)"}}
{"Hipp": {"Product": "Hipp", "Title": "Hipp Lait de croissance, bio, 6x1L", "product_info": " Hipp Lait de croissance, bio 6x1L   De 10 mois \u00e0 3 ans             ", "promo": "N/A", "price": "17,17\u20ac", "volume_price": "(2,86\u20ac/L)"}}
{"Le Monts\u00fbrais": {"Product": "Le Monts\u00fbrais", "Title": "Le Monts\u00fbrais Beurre bio 1/2 Sel \u00e0 la baratte, 250g", "product_info": " Le Monts\u00fbrais Beurre bio 1/2 Sel \u00e0 la baratte 250g   Ce beurre contribue \u00e0 la pr\u00e9servation de l'environnement   DLC : mardi 20 octobre 20           ", "promo": "N/A", "price": "4,19\u20ac", "volume_price": "(16,76\u20ac/Kg)"}}
{"Bonneterre": {"Product": "Bonneterre", "Title": "Bonneterre Beurre de baratte doux bio, 250g", "product_info": " Bonneterre Beurre de baratte doux bio 250g      DLC : lundi 19 octobre 20           ", "promo": "N/A", "price": "4,39\u20ac", "volume_price": "(17,56\u20ac/Kg)"}}
{"Bonneterre": {"Product": "Bonneterre", "Title": "Bonneterre Beurre doux bio, 250g", "product_info": " Bonneterre Beurre doux bio 250g   A tartiner et \u00e0 cuisiner   DLC : mardi 10 novembre 20           ", "promo": "N/A", "price": "2,99\u20ac", "volume_price": "(11,96\u20ac/Kg)"}}
{"Bonneterre": {"Product": "Bonneterre", "Title": "Bonneterre Beurre de baratte 1/2 sel bio, 250g", "product_info": " Bonneterre Beurre de baratte 1/2 sel bio 250g   Au sel de Gu\u00e9rande   DLC : mardi 06 octobre 20           ", "promo": "N/A", "price": "4,39\u20ac", "volume_price": "(17,56\u20ac/Kg)"}}
{"Bonneterre": {"Product": "Bonneterre", "Title": "Bonneterre Margarine bio pour cuisine, 500g", "product_info": " Bonneterre Margarine bio pour cuisine  500g   100% v\u00e9g\u00e9tal ,sans ar\u00f4me, naturellement riche en vitamine E   DLC : vendredi 23 octobre 20           ", "promo": "N/A", "price": "5,82\u20ac", "volume_price": "(11,64\u20ac/Kg)"}}
{"Bonneterre": {"Product": "Bonneterre", "Title": "Bonneterre Oeufs bio frais calibre gros, 6 oeufs", "product_info": " Bonneterre Oeufs bio frais calibre gros 6 oeufs   6 gros oeufs frais   DLC : mardi 22 septembre 20           ", "promo": "N/A", "price": "3,99\u20ac", "volume_price": "(0,67\u20ac/pi\u00e8ce)"}}
{"Bonval": {"Product": "Bonval", "Title": "Bonval Oeufs bio frais, calibre moyen, 6 pi\u00e8ces", "product_info": " Bonval Oeufs bio frais, calibre moyen 6 pi\u00e8ces   Oeufs bio pondus en France, issus de de poule \u00e9lev\u00e9es en plein air   DLC : jeudi 17 septembre 20           ", "promo": "N/A", "price": "3,19\u20ac", "volume_price": "(0,53\u20ac/pi\u00e8ce)"}}
{"Bonval": {"Product": "Bonval", "Title": "Bonval Oeuf bio calibre moyen, 12 oeufs", "product_info": " Bonval Oeuf bio calibre moyen 12 oeufs   Oeufs bio pondus en France, issus de de poule \u00e9lev\u00e9es en plein air    DLC : vendredi 18 septembre 20           ", "promo": "N/A", "price": "5,75\u20ac", "volume_price": "(0,48\u20ac/pi\u00e8ce)"}}
{"Grandeur nature": {"Product": "Grandeur nature", "Title": "Grandeur nature Beurre bio doux de baratte moul\u00e9, 250g", "product_info": " Grandeur nature Beurre bio doux de baratte moul\u00e9 250g   Issu de l'agriculture biologique, certifi\u00e9 AB   DLC : jeudi 22 octobre 20           ", "promo": "N/A", "price": "4,32\u20ac", "volume_price": "(17,28\u20ac/Kg)"}}
{"Grandeur nature": {"Product": "Grandeur nature", "Title": "Grandeur nature Beurre bio de baratte 1/2 Sel, 250g", "product_info": " Grandeur nature Beurre bio de baratte 1/2 Sel 250g   AB Agriculture Biologique   DLC : vendredi 30 octobre 20           ", "promo": "N/A", "price": "4,32\u20ac", "volume_price": "(17,28\u20ac/Kg)"}}
{"Lait Plaisirs": {"Product": "Lait Plaisirs", "Title": "Lait Plaisirs Beurre Doux de Baratte, Bio, 250g", "product_info": " Lait Plaisirs Beurre Doux de Baratte, Bio 250g   Lait d'origine France   DLC : jeudi 22 octobre 20           ", "promo": "N/A", "price": "3,49\u20ac", "volume_price": "(13,96\u20ac/Kg)"}}
{"Lait Plaisirs": {"Product": "Lait Plaisirs", "Title": "Lait Plaisirs Beurre de Baratte 1/2 Sel, Bio, 250g", "product_info": " Lait Plaisirs Beurre de Baratte 1/2 Sel, Bio 250g   Lait d'origine France, sel de Gu\u00e9rande   DLC : vendredi 16 octobre 20           ", "promo": "N/A", "price": "3,50\u20ac", "volume_price": "(14,00\u20ac/Kg)"}}
{"Le Monts\u00fbrais": {"Product": "Le Monts\u00fbrais", "Title": "Le Monts\u00fbrais Beurre bio doux \u00e0 la baratte, 250g", "product_info": " Le Monts\u00fbrais Beurre bio doux \u00e0 la baratte 250g   ce beurre contribue \u00e0 la pr\u00e9servation de l'environnement   DLC : dimanche 11 octobre 20           ", "promo": "N/A", "price": "4,39\u20ac", "volume_price": "(17,56\u20ac/Kg)"}}
{"Le Monts\u00fbrais": {"Product": "Le Monts\u00fbrais", "Title": "Le Monts\u00fbrais Beurre bio au gros Sel de Gu\u00e9rande, 250g", "product_info": " Le Monts\u00fbrais Beurre bio au gros Sel de Gu\u00e9rande 250g   Beurre \u00e0 la baratte,\r Issu de l'agriculture biologique, certifi\u00e9 AB   DLC : dimanche 04 octobre 20           ", "promo": "N/A", "price": "4,39\u20ac", "volume_price": "(17,56\u20ac/Kg)"}}
{"Tante H\u00e9l\u00e8ne": {"Product": "Tante H\u00e9l\u00e8ne", "Title": "Tante H\u00e9l\u00e8ne Beurre bio doux de baratte, 250g", "product_info": " Tante H\u00e9l\u00e8ne Beurre bio doux de baratte 250g    Issu de l'agriculture biologique, certifi\u00e9 AB,   DLC : samedi 10 octobre 20           ", "promo": "N/A", "price": "3,99\u20ac", "volume_price": "(15,96\u20ac/Kg)"}}
{"Tante H\u00e9l\u00e8ne": {"Product": "Tante H\u00e9l\u00e8ne", "Title": "Tante H\u00e9l\u00e8ne Beurre bio de baratte 1/2 Sel, 250g", "product_info": " Tante H\u00e9l\u00e8ne Beurre bio de baratte 1/2 Sel 250g   Au sel de Gu\u00e9rande\r AB Agriculture Biologique   DLC : vendredi 09 octobre 20           ", "promo": "N/A", "price": "3,99\u20ac", "volume_price": "(15,96\u20ac/Kg)"}}
{"Vitaquell": {"Product": "Vitaquell", "Title": "Vitaquell Margarine bio Om\u00e9ga 3, 250g", "product_info": " Vitaquell Margarine bio Om\u00e9ga 3 250g   Issu de l'agriculture biologique, certifi\u00e9 AB   DLC : samedi 07 novembre 20           ", "promo": "N/A", "price": "4,90\u20ac", "volume_price": "(19,60\u20ac/Kg)"}}
{"Vitaquell": {"Product": "Vitaquell", "Title": "Vitaquell Vitacoco Tartine et cuisine, 250g", "product_info": " Vitaquell Vitacoco Tartine et cuisine 250g   Margarine v\u00e9g\u00e9tale all\u00e9g\u00e9e (60% de mati\u00e8res grasses) \u00e0 base d'huile de coco et de beurre de karit\u00e9.              ", "promo": "N/A", "price": "5,12\u20ac", "volume_price": "(20,48\u20ac/Kg)"}}
{"Tante H\u00e9l\u00e8ne": {"Product": "Tante H\u00e9l\u00e8ne", "Title": "Tante H\u00e9l\u00e8ne Cr\u00e8me fra\u00eeche bio de Normandie 38% de M.G, 20cl", "product_info": " Tante H\u00e9l\u00e8ne Cr\u00e8me fra\u00eeche bio de Normandie 38% de M.G 20cl   Pot en verre\r Issu de l'agriculture biologique, certifi\u00e9 AB   DLC : samedi 19 septembre 20           ", "promo": "N/A", "price": "2,52\u20ac", "volume_price": "(12,60\u20ac/L)"}}
{"BioVerde": {"Product": "BioVerde", "Title": "BioVerde Pesto frais bio Genovese, 165g", "product_info": " BioVerde Pesto frais bio Genovese 165g      DLC : dimanche 08 novembre 20           ", "promo": "N/A", "price": "4,49\u20ac", "volume_price": "(27,21\u20ac/Kg)"}}
{"BioVerde": {"Product": "BioVerde", "Title": "BioVerde Ail des ours bio frais \u00e0 l'huile, 165g", "product_info": " BioVerde Ail des ours bio frais \u00e0 l'huile 165g      DLC : lundi 26 octobre 20           ", "promo": "N/A", "price": "4,49\u20ac", "volume_price": "(27,21\u20ac/Kg)"}}
{"Bonneterre": {"Product": "Bonneterre", "Title": "Bonneterre Cr\u00e8me fra\u00eeche bio, 20cl", "product_info": " Bonneterre Cr\u00e8me fra\u00eeche bio 20cl   Douce et onctueuse   DLC : mercredi 30 septembre 20           ", "promo": "N/A", "price": "2,69\u20ac", "volume_price": "(13,45\u20ac/L)"}}
{"Grandeur nature": {"Product": "Grandeur nature", "Title": "Grandeur nature Cr\u00e8me \u00e9paisse bio 30% de M.G, Pot de 20cl", "product_info": " Grandeur nature Cr\u00e8me \u00e9paisse bio 30% de M.G Pot de 20cl   issu de l'agriculture biologique, certifi\u00e9 AB   DLC : samedi 19 septembre 20           ", "promo": "N/A", "price": "2,48\u20ac", "volume_price": "(12,40\u20ac/L)"}}
{"Grandeur nature": {"Product": "Grandeur nature", "Title": "Grandeur nature Cr\u00e8me fleurette bio 30% de M.G, 25cl", "product_info": " Grandeur nature Cr\u00e8me fleurette bio 30% de M.G 25cl   AB Agriculture Biologique   DLC : mardi 22 septembre 20           ", "promo": "N/A", "price": "2,69\u20ac", "volume_price": "(10,76\u20ac/L)"}}
{"Lait Plaisirs": {"Product": "Lait Plaisirs", "Title": "Lait Plaisirs Cr\u00e8me enti\u00e8re liquide bio UHT, 1L", "product_info": " Lait Plaisirs Cr\u00e8me enti\u00e8re liquide bio UHT 1L   Cuisine et P\u00e2tisserie.   DLC : samedi 28 novembre 20           ", "promo": "N/A", "price": "7,30\u20ac", "volume_price": "(7,30\u20ac/L)"}}
{"Lait Plaisirs": {"Product": "Lait Plaisirs", "Title": "Lait Plaisirs Cr\u00e8me liquide Enti\u00e8re U.H.T. 30% MG, Bio, 3x20cl", "product_info": " Lait Plaisirs Cr\u00e8me liquide Enti\u00e8re U.H.T. 30% MG, Bio 3x20cl   Lait origine France, bouchon \u00e0 vis.   DLC : lundi 02 novembre 20           ", "promo": "N/A", "price": "5,56\u20ac", "volume_price": "(9,27\u20ac/L)"}}
{"Tante H\u00e9l\u00e8ne": {"Product": "Tante H\u00e9l\u00e8ne", "Title": "Tante H\u00e9l\u00e8ne Cr\u00e8me l\u00e9g\u00e8re 15%MG 3x20cl, 3x20cl", "product_info": " Tante H\u00e9l\u00e8ne Cr\u00e8me l\u00e9g\u00e8re 15%MG 3x20cl 3x20cl      DLC : jeudi 01 octobre 20           ", "promo": "N/A", "price": "4,99\u20ac", "volume_price": "(8,32\u20ac/L)"}}
{"The Bridge": {"Product": "The Bridge", "Title": "The Bridge Riz cuisine bio, 200ml", "product_info": " The Bridge Riz cuisine bio 200ml   Une alternative v\u00e9g\u00e9tale id\u00e9ale pour remplacer la cr\u00e8me fraiche.             ", "promo": "N/A", "price": "1,25\u20ac", "volume_price": "(6,25\u20ac/L)"}}
{"The Bridge": {"Product": "The Bridge", "Title": "The Bridge Avoine cuisine bio, 200ml", "product_info": " The Bridge Avoine cuisine bio 200ml   Une alternative v\u00e9g\u00e9tale id\u00e9ale pour remplacer la cr\u00e8me fraiche.             ", "promo": "N/A", "price": "1,25\u20ac", "volume_price": "(6,25\u20ac/L)"}}
{"Biochamps": {"Product": "Biochamps", "Title": "Biochamps Yaourt bio vanille au lait de brebis, 2x125g", "product_info": " Biochamps Yaourt bio vanille au lait de brebis 2x125g   AB, Issu de l'agriculture biologique   DLC : vendredi 25 septembre 20           ", "promo": "N/A", "price": "2,95\u20ac", "volume_price": "(11,80\u20ac/Kg)"}}
{"Bonneterre": {"Product": "Bonneterre", "Title": "Bonneterre Yaourt brebis bio ch\u00e2taigne \u00e0 la Grecque, 2x140g", "product_info": " Bonneterre Yaourt brebis bio ch\u00e2taigne \u00e0 la Grecque 2x140g   Yaourt au lait de brebis sur lit de ch\u00e2taigne   DLC : mercredi 16 septembre 20           ", "promo": "N/A", "price": "3,99\u20ac", "volume_price": "(14,25\u20ac/Kg)"}}
{"Bonneterre": {"Product": "Bonneterre", "Title": "Bonneterre Yaourt de brebis bio \u00e0 la grecque, 2x150g", "product_info": " Bonneterre Yaourt de brebis bio \u00e0 la grecque  2x150g   Yaourt au Lait de Brebis Nature   DLC : samedi 12 septembre 20           ", "promo": "N/A", "price": "3,49\u20ac", "volume_price": "(11,63\u20ac/Kg)"}}
{"Bonneterre": {"Product": "Bonneterre", "Title": "Bonneterre Panna cotta bio nappage framboise, 2x130g", "product_info": " Bonneterre Panna cotta bio nappage framboise 2x130g      DLC : samedi 26 septembre 20           ", "promo": "N/A", "price": "4,39\u20ac", "volume_price": "(16,88\u20ac/Kg)"}}
{"Douceurs Basque": {"Product": "Douceurs Basque", "Title": "Douceurs Basque Yaourt brebis nature bio, 2x125g", "product_info": " Douceurs Basque Yaourt brebis nature bio 2x125g                ", "promo": "N/A", "price": "2,99\u20ac", "volume_price": "(11,96\u20ac/Kg)"}}
{"Grandeur nature": {"Product": "Grandeur nature", "Title": "Grandeur nature Les P'tits malins aux fruits bio 20% Mat.gr, 6x60g", "product_info": " Grandeur nature Les P'tits malins aux fruits bio 20% Mat.gr 6x60g   Fromage frais aux fruits   DLC : mercredi 16 septembre 20           ", "promo": "N/A", "price": "4,19\u20ac", "volume_price": "(11,64\u20ac/Kg)"}}
{"LA Bergerie": {"Product": "LA Bergerie", "Title": "LA Bergerie Yaourt Nature au lait de Brebis, Bio, 4x120g", "product_info": " LA Bergerie Yaourt Nature au lait de Brebis, Bio 4x120g      DLC : vendredi 25 septembre 20           ", "promo": "N/A", "price": "3,97\u20ac", "volume_price": "(8,27\u20ac/Kg)"}}
{"LA Bergerie": {"Product": "LA Bergerie", "Title": "LA Bergerie Fromage Blanc Bio de Brebis, 400g", "product_info": " LA Bergerie Fromage Blanc Bio de Brebis 400g   Naturellement source de calcium   DLC : mercredi 16 septembre 20           ", "promo": "N/A", "price": "3,16\u20ac", "volume_price": "(7,90\u20ac/Kg)"}}
{"La Bergerie de Loz\u00e8re": {"Product": "La Bergerie de Loz\u00e8re", "Title": "La Bergerie de Loz\u00e8re Yaourt bio brebis ch\u00e2taigne, 2x125g", "product_info": " La Bergerie de Loz\u00e8re Yaourt bio brebis ch\u00e2taigne 2x125g   AB agriculture biologique   DLC : mercredi 16 septembre 20           ", "promo": "N/A", "price": "3,08\u20ac", "volume_price": "(12,32\u20ac/Kg)"}}
{"Lait Plaisirs": {"Product": "Lait Plaisirs", "Title": "Lait Plaisirs Yaourt Bio Nature au lait Entier, Lot de 2 paquets de 4x125g", "product_info": " Lait Plaisirs Yaourt Bio Nature au lait Entier Lot de 2 paquets de 4x125g   Lait Origine France   DLC : dimanche 27 septembre 20           ", "promo": "N/A", "price": "2,92\u20ac", "volume_price": "(2,92\u20ac/Kg)"}}
{"Sojade": {"Product": "Sojade", "Title": "Sojade Nature Bio, 4x100g", "product_info": " Sojade Nature Bio 4x100g      DLC : mardi 29 septembre 20           ", "promo": "N/A", "price": "2,21\u20ac", "volume_price": "(5,53\u20ac/Kg)"}}
{"Tante H\u00e9l\u00e8ne": {"Product": "Tante H\u00e9l\u00e8ne", "Title": "Tante H\u00e9l\u00e8ne Yaourt bio nature, 4x125g", "product_info": " Tante H\u00e9l\u00e8ne Yaourt bio nature 4x125g   Ce produit contribue \u00e0 une alimentation saine et \u00e0 la pr\u00e9servation de l'environnement.\r    DLC : lundi 28 septembre 20           ", "promo": "N/A", "price": "2,19\u20ac", "volume_price": "(4,38\u20ac/Kg)"}}
{"Bibio": {"Product": "Bibio", "Title": "Bibio Yaourt Nature Bio Demeter, 500g", "product_info": " Bibio Yaourt Nature Bio Demeter 500g   Au Bifidus et \u00e0 l'acidophilus   DLC : jeudi 17 septembre 20           ", "promo": "N/A", "price": "2,80\u20ac", "volume_price": "(5,60\u20ac/Kg)"}}
{"Bibio": {"Product": "Bibio", "Title": "Bibio Yaourt Stracciatella Bio Demeter, 500g", "product_info": " Bibio Yaourt Stracciatella Bio Demeter 500g   Au bifidus et \u00e0 l'acidophilus   DLC : jeudi 17 septembre 20           ", "promo": "N/A", "price": "3,50\u20ac", "volume_price": "(7,00\u20ac/Kg)"}}
{"Bibio": {"Product": "Bibio", "Title": "Bibio Yaourt Vanille Bio Demeter, 500g", "product_info": " Bibio Yaourt Vanille Bio Demeter 500g   Au Bifidus et \u00e0 l'acidophilus   DLC : jeudi 17 septembre 20           ", "promo": "N/A", "price": "3,50\u20ac", "volume_price": "(7,00\u20ac/Kg)"}}
{"Bibio": {"Product": "Bibio", "Title": "Bibio Yaourt Mangue Goyave Bio Demeter, 500g", "product_info": " Bibio Yaourt Mangue Goyave Bio Demeter 500g   Au Bifidus et \u00e0 l'acidophilus   DLC : jeudi 17 septembre 20           ", "promo": "N/A", "price": "3,50\u20ac", "volume_price": "(7,00\u20ac/Kg)"}}
{"Bibio": {"Product": "Bibio", "Title": "Bibio Yaourt Myrtille Bio Demeter, 500g", "product_info": " Bibio Yaourt Myrtille Bio Demeter 500g   Au Bifidus et \u00e0 l'acidophilus   DLC : jeudi 17 septembre 20           ", "promo": "N/A", "price": "3,50\u20ac", "volume_price": "(7,00\u20ac/Kg)"}}
{"Bibio": {"Product": "Bibio", "Title": "Bibio Yaourt Framboise Sureau bio Demeter, 500g", "product_info": " Bibio Yaourt Framboise Sureau bio Demeter 500g   Au Bifidus et \u00e0 l'acidophilus   DLC : vendredi 25 septembre 20           ", "promo": "N/A", "price": "3,59\u20ac", "volume_price": "(7,18\u20ac/Kg)"}}
{"Biochamps": {"Product": "Biochamps", "Title": "Biochamps Yaourt bio citron au lait de brebis, 2x125g", "product_info": " Biochamps Yaourt bio citron au lait de brebis 2x125g   Issu de l'agriculture biologique, certifi\u00e9 AB   DLC : vendredi 18 septembre 20           ", "promo": "N/A", "price": "2,95\u20ac", "volume_price": "(11,80\u20ac/Kg)"}}
{"Biochamps": {"Product": "Biochamps", "Title": "Biochamps Fromage blanc 0 % de brebis bio, 400g", "product_info": " Biochamps Fromage blanc 0 % de brebis bio 400g      DLC : mardi 15 septembre 20           ", "promo": "N/A", "price": "3,39\u20ac", "volume_price": "(8,48\u20ac/Kg)"}}
{"Bonneterre": {"Product": "Bonneterre", "Title": "Bonneterre Velout\u00e9 de brebis bio nature, 4x115g", "product_info": " Bonneterre Velout\u00e9 de brebis bio nature 4x115g   Yaourt au Lait de Brebis Nature   DLC : vendredi 18 septembre 20           ", "promo": "N/A", "price": "4,85\u20ac", "volume_price": "(10,54\u20ac/Kg)"}}
{"Bonneterre": {"Product": "Bonneterre", "Title": "Bonneterre Cr\u00e8me dessert chocolat bio, 4x100g", "product_info": " Bonneterre Cr\u00e8me dessert chocolat bio 4x100g   Cr\u00e8me dessert au chocolat au lait   DLC : mercredi 23 septembre 20           ", "promo": "N/A", "price": "2,65\u20ac", "volume_price": "(6,63\u20ac/Kg)"}}
{"Bonneterre": {"Product": "Bonneterre", "Title": "Bonneterre Cr\u00e8me dessert vanille bio, 4x100g", "product_info": " Bonneterre Cr\u00e8me dessert vanille bio 4x100g   Cr\u00e8me dessert \u00e0 la vanille   DLC : mercredi 30 septembre 20           ", "promo": "N/A", "price": "2,65\u20ac", "volume_price": "(6,63\u20ac/Kg)"}}
{"Bonneterre": {"Product": "Bonneterre", "Title": "Bonneterre Li\u00e9geois caf\u00e9 bio, 4x100g", "product_info": " Bonneterre Li\u00e9geois caf\u00e9 bio 4x100g   Dessert lact\u00e9 au caf\u00e9 sous mousse lact\u00e9e foisonn\u00e9e   DLC : samedi 19 septembre 20           ", "promo": "N/A", "price": "3,20\u20ac", "volume_price": "(8,00\u20ac/Kg)"}}
{"Bonneterre": {"Product": "Bonneterre", "Title": "Bonneterre Li\u00e9geois chocolat bio, 4x100g", "product_info": " Bonneterre Li\u00e9geois chocolat bio 4x100g   Dessert lact\u00e9 au chocolat sous mousse lact\u00e9e foisonn\u00e9e   DLC : samedi 12 septembre 20           ", "promo": "N/A", "price": "2,99\u20ac", "volume_price": "(7,48\u20ac/Kg)"}}
{"Bonneterre": {"Product": "Bonneterre", "Title": "Bonneterre Flan vanille caramel bio, 4x100g", "product_info": " Bonneterre Flan vanille caramel bio 4x100g   Dessert lact\u00e9 g\u00e9lifi\u00e9, \u00e0 la vanille, napp\u00e9 de caramel issu de l'agriculture biologique   DLC : mercredi 16 septembre 20           ", "promo": "N/A", "price": "2,99\u20ac", "volume_price": "(7,48\u20ac/Kg)"}}
{"Bonneterre": {"Product": "Bonneterre", "Title": "Bonneterre Riz au lait bio, 2x140g", "product_info": " Bonneterre Riz au lait bio 2x140g   Riz au lait fa\u00e7on grand-m\u00e8re   DLC : vendredi 11 septembre 20           ", "promo": "N/A", "price": "2,74\u20ac", "volume_price": "(9,79\u20ac/Kg)"}}
{"Bonneterre": {"Product": "Bonneterre", "Title": "Bonneterre Tiramisu bio, 2x65g", "product_info": " Bonneterre Tiramisu bio 2x65g   Dessert p\u00e2tissier avec un biscuit imbib\u00e9 de sauce au caf\u00e9, une double couche de mousse au mascarpone   DLC : lundi 28 septembre 20           ", "promo": "N/A", "price": "3,29\u20ac", "volume_price": "(25,31\u20ac/Kg)"}}
{"Bonneterre": {"Product": "Bonneterre", "Title": "Bonneterre Fromage blanc nature bio, 4x100g", "product_info": " Bonneterre Fromage blanc nature bio 4x100g   Fromage blanc 4,3% de mat. gr. sur produit fini   DLC : samedi 26 septembre 20           ", "promo": "N/A", "price": "2,82\u20ac", "volume_price": "(7,05\u20ac/Kg)"}}
{"Douceurs Basque": {"Product": "Douceurs Basque", "Title": "Douceurs Basque Yaourt brebis brass\u00e9 mure myrtille bio, 140g", "product_info": " Douceurs Basque Yaourt brebis brass\u00e9 mure myrtille bio 140g      DLC : dimanche 20 septembre 20           ", "promo": "N/A", "price": "2,30\u20ac", "volume_price": "(16,43\u20ac/Kg)"}}
{"Douceurs Basque": {"Product": "Douceurs Basque", "Title": "Douceurs Basque Yaourt brebis brass\u00e9 miel abricot bio, 140g", "product_info": " Douceurs Basque Yaourt brebis brass\u00e9 miel abricot bio 140g      DLC : dimanche 20 septembre 20           ", "promo": "N/A", "price": "2,30\u20ac", "volume_price": "(16,43\u20ac/Kg)"}}
{"Evernat": {"Product": "Evernat", "Title": "Evernat Dessert amande chocolat bio vegan, 2x100g", "product_info": " Evernat Dessert amande chocolat bio vegan 2x100g   Dessert 100% v\u00e9g\u00e9tal \u00e0 base d'amandes, au chocolat   DLC : mardi 15 septembre 20           ", "promo": "N/A", "price": "2,88\u20ac", "volume_price": "(14,40\u20ac/Kg)"}}
{"Grandeur nature": {"Product": "Grandeur nature", "Title": "Grandeur nature Petits suisses bio 40% Mat.gr, 6x30g", "product_info": " Grandeur nature Petits suisses bio 40% Mat.gr 6x30g   Certifi\u00e9 AB, issu de l'agriculture biologique   DLC : jeudi 17 septembre 20           ", "promo": "N/A", "price": "2,93\u20ac", "volume_price": "(16,28\u20ac/Kg)"}}
{"K-Philus Bio": {"Product": "K-Philus Bio", "Title": "K-Philus Bio Yaourt bio probiotique, 12x125g", "product_info": " K-Philus Bio Yaourt bio probiotique 12x125g      DLC : mercredi 07 octobre 20           ", "promo": "N/A", "price": "19,99\u20ac", "volume_price": "(13,33\u20ac/Kg)"}}
{"K-Philus Bio": {"Product": "K-Philus Bio", "Title": "K-Philus Bio Yaourt bio au lait de brebis, 2x125g", "product_info": " K-Philus Bio Yaourt bio au lait de brebis 2x125g   Yaourt bio probiotique   DLC : mardi 20 octobre 20           ", "promo": "N/A", "price": "4,85\u20ac", "volume_price": "(19,40\u20ac/Kg)"}}
{"Kerguillet": {"Product": "Kerguillet", "Title": "Kerguillet K\u00e9fir nature bio, 250ml", "product_info": " Kerguillet K\u00e9fir nature bio 250ml   Lait ferment\u00e9 bio nature   DLC : jeudi 24 septembre 20           ", "promo": "N/A", "price": "2,15\u20ac", "volume_price": "(8,60\u20ac/L)"}}
{"LA Bergerie": {"Product": "LA Bergerie", "Title": "LA Bergerie Yaourt Nature 0% au Lait de Brebis, Bio, 4x120g", "product_info": " LA Bergerie Yaourt Nature 0% au Lait de Brebis, Bio 4x120g      DLC : vendredi 25 septembre 20           ", "promo": "N/A", "price": "3,74\u20ac", "volume_price": "(7,79\u20ac/Kg)"}}
{"LA Bergerie": {"Product": "LA Bergerie", "Title": "LA Bergerie Yaourt Brass\u00e9 Nature au lait de brebis, Bio, 400g", "product_info": " LA Bergerie Yaourt Brass\u00e9 Nature au lait de brebis, Bio 400g   Naturellement source de calcium   DLC : samedi 19 septembre 20           ", "promo": "N/A", "price": "3,27\u20ac", "volume_price": "(8,18\u20ac/Kg)"}}
{"LA Bergerie": {"Product": "LA Bergerie", "Title": "LA Bergerie Cr\u00e8me renvers\u00e9e Chocolat Brebis, 2x110g", "product_info": " LA Bergerie Cr\u00e8me renvers\u00e9e Chocolat Brebis  2x110g   Recette aux oeufs entiers, cacao equitable   DLC : jeudi 17 septembre 20           ", "promo": "N/A", "price": "2,99\u20ac", "volume_price": "(13,59\u20ac/Kg)"}}
{"Lait Plaisirs": {"Product": "Lait Plaisirs", "Title": "Lait Plaisirs Yaourt Bio Nature au lait Entier, 4x125g", "product_info": " Lait Plaisirs Yaourt Bio Nature au lait Entier 4x125g   Lait Origine France   DLC : dimanche 27 septembre 20           ", "promo": "N/A", "price": "1,46\u20ac", "volume_price": "(2,92\u20ac/Kg)"}}
{"Lait Plaisirs": {"Product": "Lait Plaisirs", "Title": "Lait Plaisirs Yaourt Entier \u00e0 la Vanille, Bio, 4x125g", "product_info": " Lait Plaisirs Yaourt Entier \u00e0 la Vanille, Bio 4x125g   Lait d'origine France   DLC : lundi 14 septembre 20           ", "promo": "N/A", "price": "2,19\u20ac", "volume_price": "(4,38\u20ac/Kg)"}}
{"Le P'tit Gallo": {"Product": "Le P'tit Gallo", "Title": "Le P'tit Gallo Riz au lait bio, 500g", "product_info": " Le P'tit Gallo Riz au lait bio 500g   AB Agriculture Biologique   DLC : lundi 21 septembre 20           ", "promo": "N/A", "price": "3,32\u20ac", "volume_price": "(6,64\u20ac/Kg)"}}
{"Os\u00e9 Bio": {"Product": "Os\u00e9 Bio", "Title": "Os\u00e9 Bio Yaourt nature bio au lait entier, 12x125g", "product_info": " Os\u00e9 Bio Yaourt nature bio au lait entier 12x125g   AB Agriculture Biologique   DLC : dimanche 20 septembre 20           ", "promo": "N/A", "price": "3,89\u20ac", "volume_price": "(2,59\u20ac/Kg)"}}
{"Sojade": {"Product": "Sojade", "Title": "Sojade Sp\u00e9cialit\u00e9 bio au soja nature, 400g", "product_info": " Sojade Sp\u00e9cialit\u00e9 bio au soja nature 400g   100% v\u00e9g\u00e9tal.Garanti non OGM. sp\u00e9cialit\u00e9 au soja au Bifidus et \u00e0 l'Acidophilus.   DLC : lundi 28 septembre 20           ", "promo": "N/A", "price": "1,96\u20ac", "volume_price": "(4,90\u20ac/Kg)"}}
{"Sojade": {"Product": "Sojade", "Title": "Sojade Sp\u00e9cialit\u00e9 V\u00e9g\u00e9tale soja Citron bio, 400g", "product_info": " Sojade Sp\u00e9cialit\u00e9 V\u00e9g\u00e9tale soja Citron bio 400g   Soja  Bio sans O.G.M.   DLC : vendredi 02 octobre 20           ", "promo": "N/A", "price": "3,26\u20ac", "volume_price": "(8,15\u20ac/Kg)"}}
{"Sojade": {"Product": "Sojade", "Title": "Sojade Sp\u00e9cialit\u00e9 v\u00e9g\u00e9tale soja vanille, 400g", "product_info": " Sojade Sp\u00e9cialit\u00e9 v\u00e9g\u00e9tale soja vanille 400g      DLC : vendredi 25 septembre 20           ", "promo": "N/A", "price": "3,26\u20ac", "volume_price": "(8,15\u20ac/Kg)"}}
{"Sojade": {"Product": "Sojade", "Title": "Sojade Sp\u00e9cialit\u00e9 bio au soja myrtille, 400g", "product_info": " Sojade Sp\u00e9cialit\u00e9 bio au soja myrtille 400g   Sp\u00e9cialit\u00e9 fraiche au soja avec des ferments Bifidus, 100% v\u00e9g\u00e9tal    DLC : lundi 14 septembre 20           ", "promo": "N/A", "price": "3,12\u20ac", "volume_price": "(7,80\u20ac/Kg)"}}
{"Sojade": {"Product": "Sojade", "Title": "Sojade P\u00eache Fleur de sureau, Bio, 400g", "product_info": " Sojade P\u00eache Fleur de sureau, Bio 400g      DLC : lundi 28 septembre 20           ", "promo": "N/A", "price": "3,12\u20ac", "volume_price": "(7,80\u20ac/Kg)"}}
{"Tante H\u00e9l\u00e8ne": {"Product": "Tante H\u00e9l\u00e8ne", "Title": "Tante H\u00e9l\u00e8ne Yaourt 0% bio nature, 4x125g", "product_info": " Tante H\u00e9l\u00e8ne Yaourt 0% bio nature 4x125g   AB issu de l'agriculture biologique   DLC : mardi 29 septembre 20           ", "promo": "N/A", "price": "1,91\u20ac", "volume_price": "(3,82\u20ac/Kg)"}}
{"Tante H\u00e9l\u00e8ne": {"Product": "Tante H\u00e9l\u00e8ne", "Title": "Tante H\u00e9l\u00e8ne Bifidus bio citron, 4x125g", "product_info": " Tante H\u00e9l\u00e8ne Bifidus bio citron 4x125g   Lait ferment\u00e9 au bifidus sucr\u00e9, aromatis\u00e9 go\u00fbt citron   DLC : dimanche 27 septembre 20           ", "promo": "N/A", "price": "2,37\u20ac", "volume_price": "(4,74\u20ac/Kg)"}}
{"Bonval": {"Product": "Bonval", "Title": "Bonval Lardons fum\u00e9s bio, 150g", "product_info": " Bonval Lardons fum\u00e9s bio 150g   Fabrication Artisanale. Fumage au bois de h\u00eatre non trait\u00e9. Porc origine France   DLC : jeudi 24 septembre 20           ", "promo": "N/A", "price": "4,99\u20ac", "volume_price": "(33,27\u20ac/Kg)"}}
{"Bonval": {"Product": "Bonval", "Title": "Bonval Saucisses de Francfort Bio, 200g", "product_info": " Bonval Saucisses de Francfort Bio 200g   Porc Origine France, Fabrication Artisanale   DLC : jeudi 24 septembre 20           ", "promo": "N/A", "price": "5,83\u20ac", "volume_price": "(29,15\u20ac/Kg)"}}
{"Bonval": {"Product": "Bonval", "Title": "Bonval Saucisses fum\u00e9es bio, 2x100g", "product_info": " Bonval Saucisses fum\u00e9es bio 2x100g   Fum\u00e9es au bois de H\u00eatre   DLC : mercredi 30 septembre 20           ", "promo": "N/A", "price": "5,50\u20ac", "volume_price": "(27,50\u20ac/Kg)"}}
{"Le Biodelizie Di Golfera": {"Product": "Le Biodelizie Di Golfera", "Title": "Le Biodelizie Di Golfera Blanc de poulet tranch\u00e9, cuit au four, sans gluten, bio, 80g", "product_info": " Le Biodelizie Di Golfera Blanc de poulet tranch\u00e9, cuit au four, sans gluten, bio 80g   Seulement 2 % de mati\u00e8res grasses.   DLC : samedi 03 octobre 20           ", "promo": "N/A", "price": "4,99\u20ac", "volume_price": "(62,38\u20ac/Kg)"}}
{"Os\u00e9 Bio": {"Product": "Os\u00e9 Bio", "Title": "Os\u00e9 Bio Lardons Fum\u00e9s Bio, 150g", "product_info": " Os\u00e9 Bio Lardons Fum\u00e9s Bio 150g   Lardons fum\u00e9s bio de qualit\u00e9 sup\u00e9rieure   DLC : samedi 03 octobre 20           ", "promo": "N/A", "price": "3,19\u20ac", "volume_price": "(21,27\u20ac/Kg)"}}
{"BioVerde": {"Product": "BioVerde", "Title": "BioVerde Calabrese bio, saucisson italien au fenouil, sans sel nitrit\u00e9, 80g", "product_info": " BioVerde Calabrese bio, saucisson italien au fenouil, sans sel nitrit\u00e9 80g      DLC : lundi 19 octobre 20           ", "promo": "N/A", "price": "5,59\u20ac", "volume_price": "(69,88\u20ac/Kg)"}}
{"BioVerde": {"Product": "BioVerde", "Title": "BioVerde Proscuitto Milano bio, sans sel nitrit\u00e9, 80g", "product_info": " BioVerde Proscuitto Milano bio, sans sel nitrit\u00e9 80g   Jambon italien extra maigre bio   DLC : lundi 19 octobre 20           ", "promo": "N/A", "price": "5,39\u20ac", "volume_price": "(67,38\u20ac/Kg)"}}
{"BioVerde": {"Product": "BioVerde", "Title": "BioVerde Saucisson Tartufo \u00e0 la truffe bio, 80g", "product_info": " BioVerde Saucisson Tartufo \u00e0 la truffe bio 80g   saucisson italien \u00e0 la truffe noire, sans sel nitrit\u00e9   DLC : mardi 27 octobre 20           ", "promo": "N/A", "price": "6,99\u20ac", "volume_price": "(87,38\u20ac/Kg)"}}
{"Bioporc": {"Product": "Bioporc", "Title": "Bioporc Bacon bio 10 tranches, 100g", "product_info": " Bioporc Bacon bio 10 tranches 100g   Recette artisanale, fumage au bois de h\u00eatre\r \r    DLC : vendredi 18 septembre 20           ", "promo": "N/A", "price": "5,10\u20ac", "volume_price": "(51,00\u20ac/Kg)"}}
{"Bonneterre": {"Product": "Bonneterre", "Title": "Bonneterre Bresaola IGP Italie, 70g", "product_info": " Bonneterre Bresaola IGP Italie 70g   Bresaola della Valtellina IGP   DLC : lundi 12 octobre 20           ", "promo": "N/A", "price": "6,99\u20ac", "volume_price": "(99,86\u20ac/Kg)"}}
{"Bonneterre": {"Product": "Bonneterre", "Title": "Bonneterre Demi jambonneau bio, 300g", "product_info": " Bonneterre Demi jambonneau bio 300g   Cuit avec couenne.   DLC : jeudi 17 septembre 20           ", "promo": "N/A", "price": "9,59\u20ac", "volume_price": "(31,97\u20ac/Kg)"}}
{"Bonneterre": {"Product": "Bonneterre", "Title": "Bonneterre Viande des Grisons IGP bio tranch\u00e9e, 80g", "product_info": " Bonneterre Viande des Grisons IGP bio tranch\u00e9e 80g   Viande de boeuf sech\u00e9e   DLC : mardi 10 novembre 20           ", "promo": "N/A", "price": "8,49\u20ac", "volume_price": "(106,13\u20ac/Kg)"}}
{"Bonneterre": {"Product": "Bonneterre", "Title": "Bonneterre Jambon de Vend\u00e9e Bio IGP 4 tranches, 120g", "product_info": " Bonneterre Jambon de Vend\u00e9e Bio IGP 4 tranches 120g      DLC : samedi 03 octobre 20           ", "promo": "N/A", "price": "7,89\u20ac", "volume_price": "(65,75\u20ac/Kg)"}}
{"Bonneterre": {"Product": "Bonneterre", "Title": "Bonneterre Jambon r\u00f4ti bio aux herbes, 100g", "product_info": " Bonneterre Jambon r\u00f4ti bio aux herbes 100g      DLC : mercredi 23 septembre 20           ", "promo": "N/A", "price": "6,59\u20ac", "volume_price": "(65,90\u20ac/Kg)"}}
{"Bonneterre": {"Product": "Bonneterre", "Title": "Bonneterre Jambon de Bayonne Bio IGP, 120g", "product_info": " Bonneterre Jambon de Bayonne Bio IGP 120g   Affin\u00e9 9 mois minimum   DLC : mercredi 28 octobre 20           ", "promo": "N/A", "price": "8,79\u20ac", "volume_price": "(73,25\u20ac/Kg)"}}
{"Bonneterre": {"Product": "Bonneterre", "Title": "Bonneterre Jambon de parme bio A.O.P, 70g", "product_info": " Bonneterre Jambon de parme bio A.O.P 70g      DLC : dimanche 18 octobre 20           ", "promo": "N/A", "price": "7,39\u20ac", "volume_price": "(105,57\u20ac/Kg)"}}
{"Bonneterre": {"Product": "Bonneterre", "Title": "Bonneterre Prosciutto bio au basilic, 80g", "product_info": " Bonneterre Prosciutto bio au basilic 80g   Jambon cuit Italien au basilic en chiffonnade   DLC : mercredi 23 septembre 20           ", "promo": "N/A", "price": "5,49\u20ac", "volume_price": "(68,63\u20ac/Kg)"}}
{"Bonneterre": {"Product": "Bonneterre", "Title": "Bonneterre Allumettes de Lardons Fum\u00e9s bio, 100g", "product_info": " Bonneterre Allumettes de Lardons Fum\u00e9s bio 100g   Sans couenne ni cartilage, porc origine France   DLC : samedi 19 septembre 20           ", "promo": "N/A", "price": "4,25\u20ac", "volume_price": "(42,50\u20ac/Kg)"}}
{"Bonneterre": {"Product": "Bonneterre", "Title": "Bonneterre Chorizo bio Sarta, 300g", "product_info": " Bonneterre Chorizo bio Sarta 300g   Sans sel nitrit\u00e9   DLC : vendredi 22 janvier 21           ", "promo": "N/A", "price": "7,76\u20ac", "volume_price": "(25,87\u20ac/Kg)"}}
{"Bonneterre": {"Product": "Bonneterre", "Title": "Bonneterre Boudins blancs bio, 220g", "product_info": " Bonneterre Boudins blancs bio 220g      DLC : samedi 19 septembre 20           ", "promo": "N/A", "price": "7,16\u20ac", "volume_price": "(32,55\u20ac/Kg)"}}
{"Bonval": {"Product": "Bonval", "Title": "Bonval Jambon bio cuit sup\u00e9rieur avec couenne 135g, 3 tranches", "product_info": " Bonval Jambon bio cuit sup\u00e9rieur avec couenne 135g 3 tranches   Agriculture Biologique   DLC : jeudi 24 septembre 20           ", "promo": "N/A", "price": "6,66\u20ac", "volume_price": "(49,33\u20ac/Kg)"}}
{"Bonval": {"Product": "Bonval", "Title": "Bonval Jambon Cuit sup\u00e9rieur, bio, avec Couenne 180g, 4 tranches", "product_info": " Bonval Jambon Cuit sup\u00e9rieur, bio, avec Couenne 180g 4 tranches   Fabrication artisanale.   DLC : lundi 21 septembre 20           ", "promo": "N/A", "price": "7,99\u20ac", "volume_price": "(44,39\u20ac/Kg)"}}
{"Bonval": {"Product": "Bonval", "Title": "Bonval Saucisse de Montb\u00e9liard bio IGP, 2x150g", "product_info": " Bonval Saucisse de Montb\u00e9liard bio IGP 2x150g   A cuire, fabrication artisanale en France Comt\u00e9   DLC : mercredi 07 octobre 20           ", "promo": "N/A", "price": "10,25\u20ac", "volume_price": "(34,17\u20ac/Kg)"}}
{"Bonval": {"Product": "Bonval", "Title": "Bonval R\u00f4tis de Porc cuit bio 180g, 4 tranches", "product_info": " Bonval R\u00f4tis de Porc cuit bio 180g 4 tranches   Fabrication Artisanale   DLC : vendredi 02 octobre 20           ", "promo": "N/A", "price": "7,38\u20ac", "volume_price": "(41,00\u20ac/Kg)"}}
{"El Bardalejo": {"Product": "El Bardalejo", "Title": "El Bardalejo Jambon Serrano bio, 80g", "product_info": " El Bardalejo Jambon Serrano bio 80g      DLC : mercredi 06 janvier 21           ", "promo": "N/A", "price": "7,15\u20ac", "volume_price": "(89,38\u20ac/Kg)"}}
{"El Bardalejo": {"Product": "El Bardalejo", "Title": "El Bardalejo Lomo, filet de porc 80g bio, 20 tranches", "product_info": " El Bardalejo Lomo, filet de porc 80g bio 20 tranches      DLC : mercredi 27 janvier 21           ", "promo": "N/A", "price": "5,76\u20ac", "volume_price": "(72,00\u20ac/Kg)"}}
{"Le Biodelizie Di Golfera": {"Product": "Le Biodelizie Di Golfera", "Title": "Le Biodelizie Di Golfera Jambon de Parme, sans gluten, bio, 70g", "product_info": " Le Biodelizie Di Golfera Jambon de Parme, sans gluten, bio 70g   Le meilleur de la tradition.   DLC : lundi 02 novembre 20           ", "promo": "N/A", "price": "7,12\u20ac", "volume_price": "(101,71\u20ac/Kg)"}}
{"Le Biodelizie Di Golfera": {"Product": "Le Biodelizie Di Golfera", "Title": "Le Biodelizie Di Golfera Jambon cuit d\u00e9couenn\u00e9, sans gluten, bio, 100g", "product_info": " Le Biodelizie Di Golfera Jambon cuit d\u00e9couenn\u00e9, sans gluten, bio 100g   Sans sel nitrit\u00e9 ajout\u00e9.   DLC : samedi 26 septembre 20           ", "promo": "N/A", "price": "5,67\u20ac", "volume_price": "(56,70\u20ac/Kg)"}}
{"Le Biodelizie Di Golfera": {"Product": "Le Biodelizie Di Golfera", "Title": "Le Biodelizie Di Golfera Bresaola de Boeuf, sans gluten, bio, 80g", "product_info": " Le Biodelizie Di Golfera Bresaola de Boeuf, sans gluten, bio 80g   Viande de B\u009cuf marin\u00e9e et s\u00e9ch\u00e9e.   DLC : lundi 16 novembre 20           ", "promo": "N/A", "price": "6,50\u20ac", "volume_price": "(81,25\u20ac/Kg)"}}
{"Le Biodelizie Di Golfera": {"Product": "Le Biodelizie Di Golfera", "Title": "Le Biodelizie Di Golfera Saucisson  tranche Le Golfeta, sans gluten, Bio, 80g", "product_info": " Le Biodelizie Di Golfera Saucisson  tranche Le Golfeta, sans gluten, Bio 80g   -40 % de mati\u00e8res grasse par rapport \u00e0 un saucisson.   DLC : mardi 03 novembre 20           ", "promo": "N/A", "price": "4,06\u20ac", "volume_price": "(50,75\u20ac/Kg)"}}
{"Le Biodelizie Di Golfera": {"Product": "Le Biodelizie Di Golfera", "Title": "Le Biodelizie Di Golfera Coppa, sans gluten, bio, 80g", "product_info": " Le Biodelizie Di Golfera Coppa, sans gluten, bio 80g   Sans lactose, sans sel nitrit\u00e9 ajout\u00e9.   DLC : mardi 10 novembre 20           ", "promo": "N/A", "price": "4,89\u20ac", "volume_price": "(61,13\u20ac/Kg)"}}
{"Le Biodelizie Di Golfera": {"Product": "Le Biodelizie Di Golfera", "Title": "Le Biodelizie Di Golfera Blanc de dinde cuite au four, sans gluten, bio, 80g", "product_info": " Le Biodelizie Di Golfera Blanc de dinde cuite au four, sans gluten, bio 80g   Sans lactose.   DLC : samedi 26 septembre 20           ", "promo": "N/A", "price": "4,59\u20ac", "volume_price": "(57,38\u20ac/Kg)"}}
{"Prima Vera": {"Product": "Prima Vera", "Title": "Prima Vera Mortadelle chiffonnade bio 100g, Bio, 8  tranches", "product_info": " Prima Vera Mortadelle chiffonnade bio 100g, Bio 8  tranches      DLC : lundi 12 octobre 20           ", "promo": "N/A", "price": "4,25\u20ac", "volume_price": "(42,50\u20ac/Kg)"}}
{"Prima Vera": {"Product": "Prima Vera", "Title": "Prima Vera Salami Milano bio 70g, 14 tranches", "product_info": " Prima Vera Salami Milano bio 70g 14 tranches      DLC : vendredi 30 octobre 20           ", "promo": "N/A", "price": "3,90\u20ac", "volume_price": "(55,71\u20ac/Kg)"}}
{"Rostain": {"Product": "Rostain", "Title": "Rostain Jambon cuit bio avec couenne 180g, 4 Tranches", "product_info": " Rostain Jambon cuit bio avec couenne 180g 4 Tranches   Sans nitrite ajout\u00e9, porc origine France   DLC : mardi 22 septembre 20           ", "promo": "N/A", "price": "7,79\u20ac", "volume_price": "(43,28\u20ac/Kg)"}}
{"Rostain": {"Product": "Rostain", "Title": "Rostain Jambon bio -25% de sel, sans nitrite ni nitrate ajout\u00e9, 160g, 4 tranches", "product_info": " Rostain Jambon bio -25% de sel, sans nitrite ni nitrate ajout\u00e9, 160g 4 tranches      DLC : mardi 15 septembre 20           ", "promo": "N/A", "price": "7,69\u20ac", "volume_price": "(48,06\u20ac/Kg)"}}
{"Rostain": {"Product": "Rostain", "Title": "Rostain Jambon bio cuit sup\u00e9rieur sans nitrites ajout\u00e9, 90g, 2 tranches", "product_info": " Rostain Jambon bio cuit sup\u00e9rieur sans nitrites ajout\u00e9, 90g 2 tranches   Sans nutrite ni nitrate ajout\u00e9, d\u00e9couenn\u00e9 d\u00e9graiss\u00e9   DLC : mardi 15 septembre 20           ", "promo": "N/A", "price": "5,30\u20ac", "volume_price": "(58,89\u20ac/Kg)"}}
{"Rostain": {"Product": "Rostain", "Title": "Rostain Rosette tranch\u00e9e bio x10, 80g", "product_info": " Rostain Rosette tranch\u00e9e bio x10 80g   Sans Nitrite ajout\u00e9   DLC : mardi 20 octobre 20           ", "promo": "N/A", "price": "2,89\u20ac", "volume_price": "(36,13\u20ac/Kg)"}}
{"Rostain": {"Product": "Rostain", "Title": "Rostain Bacon bio fum\u00e9 au bois de h\u00eatre 100g, 7 Tranches", "product_info": " Rostain Bacon bio fum\u00e9 au bois de h\u00eatre 100g 7 Tranches   Sans nitrite ajout\u00e9   DLC : dimanche 27 septembre 20           ", "promo": "N/A", "price": "3,99\u20ac", "volume_price": "(39,90\u20ac/Kg)"}}
{"Rostain": {"Product": "Rostain", "Title": "Rostain Chorizo bio 10 grandes tranches, 80g", "product_info": " Rostain Chorizo bio 10 grandes tranches 80g   Sans Nitrite ajout\u00e9   DLC : samedi 17 octobre 20           ", "promo": "N/A", "price": "2,89\u20ac", "volume_price": "(36,13\u20ac/Kg)"}}
{"Rostain": {"Product": "Rostain", "Title": "Rostain Saucisson sec bio, 180g", "product_info": " Rostain Saucisson sec bio 180g      DLC : jeudi 19 novembre 20           ", "promo": "N/A", "price": "6,89\u20ac", "volume_price": "(38,28\u20ac/Kg)"}}
{"Rostain": {"Product": "Rostain", "Title": "Rostain Saucisse fum\u00e9e bio \u00e0 bouillir x2, 200g", "product_info": " Rostain Saucisse fum\u00e9e bio \u00e0 bouillir x2 200g   Fumage traditionnel au bois de h\u00eatre, sans nitrite ajout\u00e9   DLC : jeudi 24 septembre 20           ", "promo": "N/A", "price": "6,39\u20ac", "volume_price": "(31,95\u20ac/Kg)"}}
{"Rostain": {"Product": "Rostain", "Title": "Rostain Saucisse de Francfort bio x4, 200g", "product_info": " Rostain Saucisse de Francfort bio x4 200g   Fumage traditionnel au bois de h\u00eatre, sans nitrite ajout\u00e9   DLC : mardi 22 septembre 20           ", "promo": "N/A", "price": "5,79\u20ac", "volume_price": "(28,95\u20ac/Kg)"}}
{"A Table": {"Product": "A Table", "Title": "A Table P\u00e2te feuillet\u00e9e bio pur beurre, 250g", "product_info": " A Table P\u00e2te feuillet\u00e9e bio pur beurre 250g      DLC : dimanche 13 septembre 20           ", "promo": "N/A", "price": "3,35\u20ac", "volume_price": "(13,40\u20ac/Kg)"}}
{"Biobleud": {"Product": "Biobleud", "Title": "Biobleud P\u00e2te \u00e0 pizza Bio, lot de 2x230g", "product_info": " Biobleud P\u00e2te \u00e0 pizza Bio lot de 2x230g   La saveur du bio breton   DLC : samedi 12 septembre 20           ", "promo": "N/A", "price": "5,68\u20ac", "volume_price": "(12,35\u20ac/Kg)"}}
{"Carte Nature": {"Product": "Carte Nature", "Title": "Carte Nature Taboul\u00e9 oriental nature, Bio, 160g", "product_info": " Carte Nature Taboul\u00e9 oriental nature, Bio 160g   Salade fraicheur 100% naturel \u00e9quilibre et vitalit\u00e9.   DLC : mardi 22 septembre 20           ", "promo": "N/A", "price": "3,46\u20ac", "volume_price": "(21,63\u20ac/Kg)"}}
{"Carte Nature": {"Product": "Carte Nature", "Title": "Carte Nature Salade de Quinoa chataignes et  fruits secs, bio, 160g", "product_info": " Carte Nature Salade de Quinoa chataignes et  fruits secs, bio 160g   Salade fra\u00eecheur 100% naturel \u00e9quilibre et vitalit\u00e9.   DLC : mercredi 23 septembre 20           ", "promo": "N/A", "price": "3,82\u20ac", "volume_price": "(23,88\u20ac/Kg)"}}
{"Coquelicot Provence": {"Product": "Coquelicot Provence", "Title": "Coquelicot Provence Ravioli ch\u00e8vre ciboulette bio, lot de 2x250g", "product_info": " Coquelicot Provence Ravioli ch\u00e8vre ciboulette bio lot de 2x250g   Pour 2-3 personnes   DLC : mercredi 30 septembre 20           ", "promo": "N/A", "price": "9,98\u20ac", "volume_price": "(19,96\u20ac/Kg)"}}
{"La Spiga Bio": {"Product": "La Spiga Bio", "Title": "La Spiga Bio Tortelloni ricotta \u00e9pinards bio, 250g", "product_info": " La Spiga Bio Tortelloni ricotta \u00e9pinards bio 250g   Cuisson en 4 minutes   DLC : samedi 24 octobre 20           ", "promo": "N/A", "price": "4,45\u20ac", "volume_price": "(17,80\u20ac/Kg)"}}
{"La Spiga Bio": {"Product": "La Spiga Bio", "Title": "La Spiga Bio Tortelloni ricotta \u00e9pinards bio, lot de 2x250g", "product_info": " La Spiga Bio Tortelloni ricotta \u00e9pinards bio lot de 2x250g   Cuisson en 4 minutes   DLC : samedi 24 octobre 20           ", "promo": "N/A", "price": "8,90\u20ac", "volume_price": "(17,80\u20ac/Kg)"}}
{"Os\u00e9 Bio": {"Product": "Os\u00e9 Bio", "Title": "Os\u00e9 Bio P\u00e2te Bris\u00e9e Bio, Lot de 2 x 230g", "product_info": " Os\u00e9 Bio P\u00e2te Bris\u00e9e Bio Lot de 2 x 230g      DLC : dimanche 20 septembre 20           ", "promo": "N/A", "price": "3,98\u20ac", "volume_price": "(8,65\u20ac/Kg)"}}
{"Os\u00e9 Bio": {"Product": "Os\u00e9 Bio", "Title": "Os\u00e9 Bio Pate feuillet\u00e9e Bio, Lot de 2 x 230g", "product_info": " Os\u00e9 Bio Pate feuillet\u00e9e Bio Lot de 2 x 230g      DLC : mardi 15 septembre 20           ", "promo": "N/A", "price": "3,98\u20ac", "volume_price": "(8,65\u20ac/Kg)"}}
{"Rapunzel": {"Product": "Rapunzel", "Title": "Rapunzel Levure fra\u00eeche bio de boulanger en cube, Lot de 3x42g", "product_info": " Rapunzel Levure fra\u00eeche bio de boulanger en cube Lot de 3x42g                ", "promo": "N/A", "price": "3,57\u20ac", "volume_price": "(28,33\u20ac/Kg)"}}
{"Soto": {"Product": "Soto", "Title": "Soto Bouch\u00e9es Proven\u00e7ales, Bio, 250g", "product_info": " Soto Bouch\u00e9es Proven\u00e7ales, Bio 250g   Convient au v\u00e9g\u00e9tariens.   DLC : samedi 03 octobre 20           ", "promo": "N/A", "price": "3,45\u20ac", "volume_price": "(13,80\u20ac/Kg)"}}
{"A Table": {"Product": "A Table", "Title": "A Table Galettes au sarrasin bio x6, 300g", "product_info": " A Table Galettes au sarrasin bio x6 300g   Galette traditionnelle au bl\u00e9 noir biologique de Bretagne.    DLC : mardi 22 septembre 20           ", "promo": "N/A", "price": "4,15\u20ac", "volume_price": "(13,83\u20ac/Kg)"}}
{"Ben Fatto": {"Product": "Ben Fatto", "Title": "Ben Fatto Lasagne bolognaise bio, 250g", "product_info": " Ben Fatto Lasagne bolognaise bio 250g   Barquette \u00e9co-responsable 100 % recyclable.\r Pr\u00e9paration artisanale italienne.   DLC : mercredi 23 septembre 20           ", "promo": "N/A", "price": "7,59\u20ac", "volume_price": "(30,36\u20ac/Kg)"}}
{"Ben Fatto": {"Product": "Ben Fatto", "Title": "Ben Fatto Cannelloni Bio Ricotta et Epinards, 250g", "product_info": " Ben Fatto Cannelloni Bio Ricotta et Epinards 250g   Barquette Eco-Responsable - 100 % Recyclable\r Pr\u00e9paration artisanale italienne.   DLC : mercredi 16 septembre 20           ", "promo": "N/A", "price": "6,59\u20ac", "volume_price": "(26,36\u20ac/Kg)"}}
{"BioVerde": {"Product": "BioVerde", "Title": "BioVerde Salade bio boulgour paprika et curry, v\u00e9gan, 125g", "product_info": " BioVerde Salade bio boulgour paprika et curry, v\u00e9gan 125g      DLC : mardi 27 octobre 20           ", "promo": "N/A", "price": "3,39\u20ac", "volume_price": "(27,12\u20ac/Kg)"}}
{"BioVerde": {"Product": "BioVerde", "Title": "BioVerde Houmous bio Tahini pois chiches s\u00e9same, v\u00e9gan, 150g", "product_info": " BioVerde Houmous bio Tahini pois chiches s\u00e9same, v\u00e9gan 150g      DLC : vendredi 25 septembre 20           ", "promo": "N/A", "price": "2,99\u20ac", "volume_price": "(19,93\u20ac/Kg)"}}
{"BioVerde": {"Product": "BioVerde", "Title": "BioVerde Mix d'olives bio sans noyaux aux herbes fraiches, 150g", "product_info": " BioVerde Mix d'olives bio sans noyaux aux herbes fraiches 150g      DLC : mardi 01 d\u00e9cembre 20           ", "promo": "N/A", "price": "4,99\u20ac", "volume_price": "(33,27\u20ac/Kg)"}}
{"BioVerde": {"Product": "BioVerde", "Title": "BioVerde Coeurs d'artichauts bio aux herbes fra\u00eeches, 150g", "product_info": " BioVerde Coeurs d'artichauts bio aux herbes fra\u00eeches 150g      DLC : mercredi 11 novembre 20           ", "promo": "N/A", "price": "4,99\u20ac", "volume_price": "(33,27\u20ac/Kg)"}}
{"BioVerde": {"Product": "BioVerde", "Title": "BioVerde Ravioli bio roquette \u00e9pinard, 250g", "product_info": " BioVerde Ravioli bio roquette \u00e9pinard 250g      DLC : samedi 07 novembre 20           ", "promo": "N/A", "price": "4,69\u20ac", "volume_price": "(18,76\u20ac/Kg)"}}
{"BioVerde": {"Product": "BioVerde", "Title": "BioVerde Ravioli frais bio \u00e0 la truffe noire, 250g", "product_info": " BioVerde Ravioli frais bio \u00e0 la truffe noire 250g      DLC : samedi 07 novembre 20           ", "promo": "N/A", "price": "4,99\u20ac", "volume_price": "(19,96\u20ac/Kg)"}}
{"BioVerde": {"Product": "BioVerde", "Title": "BioVerde Ravioli frais bio artichauts, v\u00e9gan, 250g", "product_info": " BioVerde Ravioli frais bio artichauts, v\u00e9gan 250g   Sans fromage ni oeufs mais plein de go\u00fbt!   DLC : samedi 07 novembre 20           ", "promo": "N/A", "price": "4,69\u20ac", "volume_price": "(18,76\u20ac/Kg)"}}
{"BioVerde": {"Product": "BioVerde", "Title": "BioVerde Tortellini bio frais aux c\u00e8pes, 250g", "product_info": " BioVerde Tortellini bio frais aux c\u00e8pes 250g      DLC : samedi 17 octobre 20           ", "promo": "N/A", "price": "4,99\u20ac", "volume_price": "(19,96\u20ac/Kg)"}}
{"BioVerde": {"Product": "BioVerde", "Title": "BioVerde Ravioli bio ricotta et roquette, 250g", "product_info": " BioVerde Ravioli bio ricotta et roquette 250g      DLC : lundi 02 novembre 20           ", "promo": "N/A", "price": "4,69\u20ac", "volume_price": "(18,76\u20ac/Kg)"}}
{"BioVerde": {"Product": "BioVerde", "Title": "BioVerde Tortelloni bio \u00e0 l'ail des ours, 250g", "product_info": " BioVerde Tortelloni bio \u00e0 l'ail des ours 250g      DLC : lundi 26 octobre 20           ", "promo": "N/A", "price": "4,69\u20ac", "volume_price": "(18,76\u20ac/Kg)"}}
{"BioVerde": {"Product": "BioVerde", "Title": "BioVerde Sp\u00e4tzle frais aux oeufs bio, 400g", "product_info": " BioVerde Sp\u00e4tzle frais aux oeufs bio 400g      DLC : jeudi 01 octobre 20           ", "promo": "N/A", "price": "3,49\u20ac", "volume_price": "(8,73\u20ac/Kg)"}}
{"Biobleud": {"Product": "Biobleud", "Title": "Biobleud P\u00e2te bris\u00e9e bio sans gluten, 260g", "product_info": " Biobleud P\u00e2te bris\u00e9e bio sans gluten 260g   Diam\u00e8tre  31 cm   DLC : mardi 15 septembre 20           ", "promo": "N/A", "price": "4,39\u20ac", "volume_price": "(16,88\u20ac/Kg)"}}
{"Biobleud": {"Product": "Biobleud", "Title": "Biobleud P\u00e2te \u00e0 pizza Bio, 230g", "product_info": " Biobleud P\u00e2te \u00e0 pizza Bio 230g   au levain   DLC : samedi 12 septembre 20           ", "promo": "N/A", "price": "2,84\u20ac", "volume_price": "(12,35\u20ac/Kg)"}}
{"Biobleud": {"Product": "Biobleud", "Title": "Biobleud 6 Cr\u00eapes de Froment bio, 360g", "product_info": " Biobleud 6 Cr\u00eapes de Froment bio 360g   A garnir \u00e0 votre convenance sucr\u00e9 ou sal\u00e9.   DLC : vendredi 11 septembre 20           ", "promo": "N/A", "price": "5,30\u20ac", "volume_price": "(14,72\u20ac/Kg)"}}
{"Biobleud": {"Product": "Biobleud", "Title": "Biobleud 4 Pancakes bio, 240g", "product_info": " Biobleud 4 Pancakes bio 240g   R\u00e9chauff\u00e9 \u00e0 la po\u00eale avec une noisette de beurre, napp\u00e9 de chantilly accompagn\u00e9 d'une boule de glace   DLC : mercredi 23 septembre 20           ", "promo": "N/A", "price": "3,99\u20ac", "volume_price": "(16,63\u20ac/Kg)"}}
{"Biobleud": {"Product": "Biobleud", "Title": "Biobleud 6 Petites Cr\u00e8pes de Froment bio, 240g", "product_info": " Biobleud 6 Petites Cr\u00e8pes de Froment bio 240g   Nouvelle Recette !   DLC : lundi 21 septembre 20           ", "promo": "N/A", "price": "4,79\u20ac", "volume_price": "(19,96\u20ac/Kg)"}}
{"Biobleud": {"Product": "Biobleud", "Title": "Biobleud 6 Galettes de bl\u00e9 noir  bio, 360g", "product_info": " Biobleud 6 Galettes de bl\u00e9 noir  bio 360g   D\u00e9licieuses accompagn\u00e9 de jambon, fromage ou l\u00e9gumes\r AB Agriculture Biologique   DLC : vendredi 18 septembre 20           ", "promo": "N/A", "price": "4,81\u20ac", "volume_price": "(13,36\u20ac/Kg)"}}
{"Bonneterre": {"Product": "Bonneterre", "Title": "Bonneterre P\u00e2tes farcies Girasoli bio au gorgonzola AOP, 250g", "product_info": " Bonneterre P\u00e2tes farcies Girasoli bio au gorgonzola AOP 250g   P\u00e2tes farcies au gorgonzola AOP, poires et miel   DLC : dimanche 11 octobre 20           ", "promo": "N/A", "price": "5,46\u20ac", "volume_price": "(21,84\u20ac/Kg)"}}
{"Bonneterre": {"Product": "Bonneterre", "Title": "Bonneterre Gnocchi bio sans gluten et vegan, 350g", "product_info": " Bonneterre Gnocchi bio sans gluten et vegan 350g      DLC : mercredi 28 octobre 20           ", "promo": "N/A", "price": "4,79\u20ac", "volume_price": "(13,69\u20ac/Kg)"}}
{"Bonneterre": {"Product": "Bonneterre", "Title": "Bonneterre Quadratoni aux fromages bio, 250g", "product_info": " Bonneterre Quadratoni aux fromages bio 250g   P\u00e2tes farcies aux fromages   DLC : mardi 13 octobre 20           ", "promo": "N/A", "price": "5,46\u20ac", "volume_price": "(21,84\u20ac/Kg)"}}
{"Bonneterre": {"Product": "Bonneterre", "Title": "Bonneterre Ravioli bio l\u00e9gumes du soleil, 250g", "product_info": " Bonneterre Ravioli bio l\u00e9gumes du soleil 250g   P\u00e2tes fra\u00eeches aux oeufs farcies d'une pr\u00e9paration \u00e0 base de l\u00e9gumes et de ricotta   DLC : lundi 02 novembre 20           ", "promo": "N/A", "price": "4,41\u20ac", "volume_price": "(17,64\u20ac/Kg)"}}
{"Bonneterre": {"Product": "Bonneterre", "Title": "Bonneterre P\u00e2te \u00e0 pizza bio \u00e0 d\u00e9rouler, 260g", "product_info": " Bonneterre P\u00e2te \u00e0 pizza bio \u00e0 d\u00e9rouler 260g      DLC : lundi 21 septembre 20           ", "promo": "N/A", "price": "2,65\u20ac", "volume_price": "(10,19\u20ac/Kg)"}}
{"Carte Nature": {"Product": "Carte Nature", "Title": "Carte Nature Carottes fra\u00eeches r\u00e2p\u00e9es bio, 160g", "product_info": " Carte Nature Carottes fra\u00eeches r\u00e2p\u00e9es bio 160g   Salade fraicheur 100% naturel \u00e9quilibre et vitalit\u00e9.   DLC : vendredi 18 septembre 20           ", "promo": "N/A", "price": "2,83\u20ac", "volume_price": "(17,69\u20ac/Kg)"}}
{"Carte Nature": {"Product": "Carte Nature", "Title": "Carte Nature Chou-carotte aux raisins secs bio, 160g", "product_info": " Carte Nature Chou-carotte aux raisins secs bio 160g   Salade fra\u00eecheur 100% naturel \u00e9quilibre et vitalit\u00e9. AB Agriculture Biologique   DLC : mardi 15 septembre 20           ", "promo": "N/A", "price": "3,19\u20ac", "volume_price": "(19,94\u20ac/Kg)"}}
{"Carte Nature": {"Product": "Carte Nature", "Title": "Carte Nature Salade Andalouse aux zestes d'agrumes, Bio, 160g", "product_info": " Carte Nature Salade Andalouse aux zestes d'agrumes, Bio 160g   Le plaisir et les bienfaits de recettes gorg\u00e9es de soleil   DLC : lundi 21 septembre 20           ", "promo": "N/A", "price": "3,70\u20ac", "volume_price": "(23,13\u20ac/Kg)"}}
{"Carte Nature": {"Product": "Carte Nature", "Title": "Carte Nature Salade aux 2 lentilles, Bio, 160g", "product_info": " Carte Nature Salade aux 2 lentilles, Bio 160g   Salade fraicheur   DLC : lundi 14 septembre 20           ", "promo": "N/A", "price": "3,29\u20ac", "volume_price": "(20,56\u20ac/Kg)"}}
{"Carte Nature": {"Product": "Carte Nature", "Title": "Carte Nature Salade de betterave, Bio, 160g", "product_info": " Carte Nature Salade de betterave, Bio 160g   Salade fraicheur 100% naturel \u00e9quilibre et vitalit\u00e9   DLC : mardi 22 septembre 20           ", "promo": "N/A", "price": "3,13\u20ac", "volume_price": "(19,56\u20ac/Kg)"}}
{"Carte Nature": {"Product": "Carte Nature", "Title": "Carte Nature Salade cr\u00e9ole \u00e0 l'ananas et au curry, Bio, 160g", "product_info": " Carte Nature Salade cr\u00e9ole \u00e0 l'ananas et au curry, Bio 160g   Salade fraicheur 100% naturel \u00e9quilibre et vitalit\u00e9   DLC : mercredi 16 septembre 20           ", "promo": "N/A", "price": "3,99\u20ac", "volume_price": "(24,94\u20ac/Kg)"}}
{"Carte Nature": {"Product": "Carte Nature", "Title": "Carte Nature Carottes aux noisettes et vinaigre balsamique, Bio, 160g", "product_info": " Carte Nature Carottes aux noisettes et vinaigre balsamique, Bio 160g   Salade fraicheur 100% naturel \u00e9quilibre et vitalit\u00e9   DLC : mardi 22 septembre 20           ", "promo": "N/A", "price": "3,69\u20ac", "volume_price": "(23,06\u20ac/Kg)"}}
{"Carte Nature": {"Product": "Carte Nature", "Title": "Carte Nature Pizza 3 fromages bio, 350g", "product_info": " Carte Nature Pizza 3 fromages bio 350g      DLC : mercredi 23 septembre 20           ", "promo": "N/A", "price": "7,59\u20ac", "volume_price": "(21,69\u20ac/Kg)"}}
{"Carte Nature": {"Product": "Carte Nature", "Title": "Carte Nature Pizza marguerita bio, 350g", "product_info": " Carte Nature Pizza marguerita bio 350g   Fabriqu\u00e9 en France.   DLC : jeudi 24 septembre 20           ", "promo": "N/A", "price": "6,59\u20ac", "volume_price": "(18,83\u20ac/Kg)"}}
{"Carte Nature": {"Product": "Carte Nature", "Title": "Carte Nature Tartes provencales bio, 2x115g", "product_info": " Carte Nature Tartes provencales bio 2x115g   AB Agriculture Biologique   DLC : vendredi 18 septembre 20           ", "promo": "N/A", "price": "5,79\u20ac", "volume_price": "(25,17\u20ac/Kg)"}}
{"C\u00e9r\u00e9alpes": {"Product": "C\u00e9r\u00e9alpes", "Title": "C\u00e9r\u00e9alpes Galette v\u00e9g\u00e9tale emmental poireaux bio, 2x90g", "product_info": " C\u00e9r\u00e9alpes Galette v\u00e9g\u00e9tale emmental poireaux bio 2x90g   Issu de l'agriculture biologique, certifi\u00e9 AB   DLC : jeudi 01 octobre 20           ", "promo": "N/A", "price": "3,41\u20ac", "volume_price": "(18,94\u20ac/Kg)"}}
{"Tossolia": {"Product": "Tossolia", "Title": "Tossolia Tofu nature  bio, 2x125g", "product_info": " Tossolia Tofu nature  bio 2x125g   Source de prot\u00e9ines et de magn\u00e9sium, riche en calcium.\r AB Agriculture Biologique   DLC : vendredi 18 septembre 20           ", "promo": "N/A", "price": "2,92\u20ac", "volume_price": "(11,68\u20ac/Kg)"}}
{"C\u00e9r\u00e9alpes": {"Product": "C\u00e9r\u00e9alpes", "Title": "C\u00e9r\u00e9alpes Galette \u00e9pinards, pignons bio, 2x90g", "product_info": " C\u00e9r\u00e9alpes Galette \u00e9pinards, pignons bio 2x90g   Issu de l'agriculture biologique, certifi\u00e9 AB   DLC : mercredi 30 septembre 20           ", "promo": "N/A", "price": "3,20\u20ac", "volume_price": "(17,78\u20ac/Kg)"}}
{"C\u00e9r\u00e9alpes": {"Product": "C\u00e9r\u00e9alpes", "Title": "C\u00e9r\u00e9alpes Galette v\u00e9g\u00e9tale proven\u00e7ale bio, 2x90g", "product_info": " C\u00e9r\u00e9alpes Galette v\u00e9g\u00e9tale proven\u00e7ale bio 2x90g   Issu de l'agriculture biologique, certifi\u00e9 AB   DLC : vendredi 02 octobre 20           ", "promo": "N/A", "price": "3,38\u20ac", "volume_price": "(18,78\u20ac/Kg)"}}
{"C\u00e9r\u00e9alpes": {"Product": "C\u00e9r\u00e9alpes", "Title": "C\u00e9r\u00e9alpes Galettes Brebis - Figues Bio, 2x90g", "product_info": " C\u00e9r\u00e9alpes Galettes Brebis - Figues Bio 2x90g      DLC : vendredi 18 septembre 20           ", "promo": "N/A", "price": "3,37\u20ac", "volume_price": "(18,72\u20ac/Kg)"}}
{"Florentin": {"Product": "Florentin", "Title": "Florentin Falafel Bio, 240g", "product_info": " Florentin Falafel Bio 240g   Bio   DLC : vendredi 25 septembre 20           ", "promo": "N/A", "price": "5,35\u20ac", "volume_price": "(22,29\u20ac/Kg)"}}
{"Sojami": {"Product": "Sojami", "Title": "Sojami Tartimi ail et fines herbes bio, 125g", "product_info": " Sojami Tartimi ail et fines herbes bio 125g   Sp\u00e9cialit\u00e9 \u00e0 tartiner l\u00e9g\u00e8re au soja lactoferment\u00e9. Issu de l'agriculture biologique, certifi\u00e9 AB   DLC : samedi 24 octobre 20           ", "promo": "N/A", "price": "3,12\u20ac", "volume_price": "(24,96\u20ac/Kg)"}}
{"Soto": {"Product": "Soto", "Title": "Soto Poches Farcies au l\u00e9gumes l\u00e9g\u00e8rement \u00e9pic\u00e9, bio, 220g", "product_info": " Soto Poches Farcies au l\u00e9gumes l\u00e9g\u00e8rement \u00e9pic\u00e9, bio 220g   Sp\u00e9cialit\u00e9 v\u00e9g\u00e9tale   DLC : mercredi 23 septembre 20           ", "promo": "N/A", "price": "3,76\u20ac", "volume_price": "(17,09\u20ac/Kg)"}}
{"Soto": {"Product": "Soto", "Title": "Soto Rouleaux printaniers bio, 220g", "product_info": " Soto Rouleaux printaniers bio 220g   \u00c9minc\u00e9 de l\u00e9gumes, germes de soja croquants, tofu   DLC : mercredi 23 septembre 20           ", "promo": "N/A", "price": "3,76\u20ac", "volume_price": "(17,09\u20ac/Kg)"}}
{"Soto": {"Product": "Soto", "Title": "Soto Samosas bio, 250g", "product_info": " Soto Samosas bio 250g   Une sp\u00e9cialit\u00e9 traditionnelle indienne   DLC : vendredi 09 octobre 20           ", "promo": "N/A", "price": "4,26\u20ac", "volume_price": "(21,30\u20ac/Kg)"}}
{"Soto": {"Product": "Soto", "Title": "Soto Sticks Toscans Bio, 175g", "product_info": " Soto Sticks Toscans Bio 175g      DLC : jeudi 01 octobre 20           ", "promo": "N/A", "price": "3,15\u20ac", "volume_price": "(18,00\u20ac/Kg)"}}
{"Soto": {"Product": "Soto", "Title": "Soto Falafel traditionnel bio, 220G", "product_info": " Soto Falafel traditionnel bio 220G   Avec des l\u00e9gumes et des \u00e9pices aromatiques   DLC : vendredi 02 octobre 20           ", "promo": "N/A", "price": "3,39\u20ac", "volume_price": "(15,41\u20ac/Kg)"}}
{"Soy": {"Product": "Soy", "Title": "Soy Grinioc Riz, petits l\u00e9gumes & safran bio, 2x100g", "product_info": " Soy Grinioc Riz, petits l\u00e9gumes & safran bio 2x100g   2 galettes aux riz complet, Sources de fibre.   DLC : samedi 03 octobre 20           ", "promo": "N/A", "price": "3,55\u20ac", "volume_price": "(17,75\u20ac/Kg)"}}
{"Soy": {"Product": "Soy", "Title": "Soy Seitan en tranche Bio, 2x125g", "product_info": " Soy Seitan en tranche Bio 2x125g   Alternative \u00e0 la viande, riche en prot\u00e9ines de bl\u00e9.   DLC : vendredi 16 octobre 20           ", "promo": "N/A", "price": "3,88\u20ac", "volume_price": "(15,52\u20ac/Kg)"}}
{"Soy": {"Product": "Soy", "Title": "Soy Tofinelle aux champignons bio, 200g", "product_info": " Soy Tofinelle aux champignons bio 200g   Quenelle de Tofu. Certifi\u00e9 AB, issu de l'agriculture biologique   DLC : dimanche 11 octobre 20           ", "promo": "N/A", "price": "3,60\u20ac", "volume_price": "(18,00\u20ac/Kg)"}}
{"Soy": {"Product": "Soy", "Title": "Soy Grinioc \u00e9peautre l\u00e9gumes bio, 200g", "product_info": " Soy Grinioc \u00e9peautre l\u00e9gumes bio 200g   Galette fra\u00eeche de c\u00e9r\u00e9ales, l\u00e9gumes et seitan.\r AB, issu de l'agriculture biologique, vegan   DLC : samedi 10 octobre 20           ", "promo": "N/A", "price": "3,34\u20ac", "volume_price": "(16,70\u20ac/Kg)"}}
{"Soy": {"Product": "Soy", "Title": "Soy Grinioc quinoa tomate bio, 200g", "product_info": " Soy Grinioc quinoa tomate bio 200g   Escalope fra\u00eeche de c\u00e9r\u00e9ales compl\u00e8tes et l\u00e9gumes. \r AB, issu de l'agriculture biologique, vegan.   DLC : samedi 03 octobre 20           ", "promo": "N/A", "price": "3,39\u20ac", "volume_price": "(16,95\u20ac/Kg)"}}
{"Soy": {"Product": "Soy", "Title": "Soy Tofu marin\u00e9 au citron confit et gingembre, 2x140g", "product_info": " Soy Tofu marin\u00e9 au citron confit et gingembre 2x140g   Sp\u00e9cialit\u00e9 v\u00e9g\u00e9tale biologique \u00e0 base de tofu, citron confit et gingembre   DLC : dimanche 04 octobre 20           ", "promo": "N/A", "price": "3,30\u20ac", "volume_price": "(11,79\u20ac/Kg)"}}
{"Soy": {"Product": "Soy", "Title": "Soy Tartare bio vegan, 2x80g", "product_info": " Soy Tartare bio vegan  2x80g      DLC : mercredi 14 octobre 20           ", "promo": "N/A", "price": "3,95\u20ac", "volume_price": "(24,69\u20ac/Kg)"}}
{"Soy": {"Product": "Soy", "Title": "Soy Grinioc sarrasin, comt\u00e9 bio, 200g", "product_info": " Soy Grinioc sarrasin, comt\u00e9 bio 200g   Escalope fra\u00eeche de c\u00e9r\u00e9ales compl\u00e8tes et l\u00e9gumes. AB, issu de l'agriculture biologique   DLC : dimanche 11 octobre 20           ", "promo": "N/A", "price": "3,41\u20ac", "volume_price": "(17,05\u20ac/Kg)"}}
{"Soy": {"Product": "Soy", "Title": "Soy Grinioc orge, ch\u00e8vre, miel et noix Bio, 2x100g", "product_info": " Soy Grinioc orge, ch\u00e8vre, miel et noix Bio 2x100g   2 galettes de c\u00e9r\u00e9ales compl\u00e8tes.   DLC : samedi 03 octobre 20           ", "promo": "N/A", "price": "3,32\u20ac", "volume_price": "(16,60\u20ac/Kg)"}}
{"Taifun": {"Product": "Taifun", "Title": "Taifun Tofu soyeux  demeter Bio, 400g", "product_info": " Taifun Tofu soyeux  demeter Bio 400g   Produit v\u00e9g\u00e9tal \u00e0 base de soja\r AB Agriculture Biologique   DLC : dimanche 11 octobre 20           ", "promo": "N/A", "price": "3,19\u20ac", "volume_price": "(7,98\u20ac/Kg)"}}
{"Tartex": {"Product": "Tartex", "Title": "Tartex Tranches veggie fa\u00e7on salami bio, 100g", "product_info": " Tartex Tranches veggie fa\u00e7on salami bio 100g   Pr\u00e9paration alimentaire \u00e0 base de bl\u00e9 et d'\u00e9pices   DLC : mardi 29 septembre 20           ", "promo": "N/A", "price": "3,69\u20ac", "volume_price": "(36,90\u20ac/Kg)"}}
{"Tossolia": {"Product": "Tossolia", "Title": "Tossolia Tofu herbes bio, 2x100g", "product_info": " Tossolia Tofu herbes bio 2x100g   Source de prot\u00e8ines et de magn\u00e9sium, riche en calcium.AB Agriculture Biologique   DLC : samedi 12 septembre 20           ", "promo": "N/A", "price": "3,77\u20ac", "volume_price": "(18,85\u20ac/Kg)"}}
{"Tossolia": {"Product": "Tossolia", "Title": "Tossolia Tofu fum\u00e9 bio, 2x100g", "product_info": " Tossolia Tofu fum\u00e9 bio 2x100g   Source de prot\u00e8ines et de magn\u00e9sium, riche en calcium.\r AB Agriculture Biologique, vegan   DLC : mercredi 23 septembre 20           ", "promo": "N/A", "price": "4,38\u20ac", "volume_price": "(21,90\u20ac/Kg)"}}
{"V\u00e9g\u00e9tal Gourmand": {"Product": "V\u00e9g\u00e9tal Gourmand", "Title": "V\u00e9g\u00e9tal Gourmand Eminc\u00e9s de Lupin, 200g", "product_info": " V\u00e9g\u00e9tal Gourmand Eminc\u00e9s de Lupin 200g   La nouvelle id\u00e9e VEGAN   DLC : mercredi 14 octobre 20           ", "promo": "N/A", "price": "4,99\u20ac", "volume_price": "(24,95\u20ac/Kg)"}}
{"V\u00e9g\u00e9tal Gourmand de Pronatura": {"Product": "V\u00e9g\u00e9tal Gourmand de Pronatura", "Title": "V\u00e9g\u00e9tal Gourmand de Pronatura Pan\u00e9s bio de lentilles vertes et curry, au lupin, 6x30g", "product_info": " V\u00e9g\u00e9tal Gourmand de Pronatura Pan\u00e9s bio de lentilles vertes et curry, au lupin 6x30g   Produit vegan, sans soja   DLC : jeudi 01 octobre 20           ", "promo": "N/A", "price": "4,49\u20ac", "volume_price": "(24,94\u20ac/Kg)"}}
{"V\u00e9g\u00e9tal Gourmand de Pronatura": {"Product": "V\u00e9g\u00e9tal Gourmand de Pronatura", "Title": "V\u00e9g\u00e9tal Gourmand de Pronatura Pan\u00e9s bio de pois chiches et brocolis, au chanvre, 180g", "product_info": " V\u00e9g\u00e9tal Gourmand de Pronatura Pan\u00e9s bio de pois chiches et brocolis, au chanvre 180g   Produit vegan, sans soja   DLC : jeudi 24 septembre 20           ", "promo": "N/A", "price": "4,49\u20ac", "volume_price": "(24,94\u20ac/Kg)"}}
{"V\u00e9g\u00e9tal Gourmand de Pronatura": {"Product": "V\u00e9g\u00e9tal Gourmand de Pronatura", "Title": "V\u00e9g\u00e9tal Gourmand de Pronatura Gourmets bio de lentilles corail, gingembre et \u00e9pices indiennes, au lupin, 2x90g", "product_info": " V\u00e9g\u00e9tal Gourmand de Pronatura Gourmets bio de lentilles corail, gingembre et \u00e9pices indiennes, au lupin 2x90g   Vegan et sans soja   DLC : jeudi 24 septembre 20           ", "promo": "N/A", "price": "3,69\u20ac", "volume_price": "(20,50\u20ac/Kg)"}}
{"Wheaty": {"Product": "Wheaty", "Title": "Wheaty V\u00e9g\u00e9'saucisse Bio Mini Weenies, 200g", "product_info": " Wheaty V\u00e9g\u00e9'saucisse Bio Mini Weenies 200g      DLC : jeudi 05 novembre 20           ", "promo": "N/A", "price": "4,36\u20ac", "volume_price": "(21,80\u20ac/Kg)"}}
{"Wheaty": {"Product": "Wheaty", "Title": "Wheaty V\u00e9g\u00e9'saucisse Bio Weenies, 200g", "product_info": " Wheaty V\u00e9g\u00e9'saucisse Bio Weenies 200g      DLC : lundi 04 janvier 21           ", "promo": "N/A", "price": "4,67\u20ac", "volume_price": "(23,35\u20ac/Kg)"}}
{"Wheaty": {"Product": "Wheaty", "Title": "Wheaty V\u00e9g\u00e9'tranches Salami Bio, 100g", "product_info": " Wheaty V\u00e9g\u00e9'tranches Salami Bio 100g      DLC : mercredi 23 d\u00e9cembre 20           ", "promo": "N/A", "price": "3,19\u20ac", "volume_price": "(31,90\u20ac/Kg)"}}
{"Wheaty": {"Product": "Wheaty", "Title": "Wheaty V\u00e9g\u00e9' Po\u00eal\u00e9e \u00e0 la Grecque Bio, 200g", "product_info": " Wheaty V\u00e9g\u00e9' Po\u00eal\u00e9e \u00e0 la Grecque Bio 200g   Bio et Vegan, sans lactose, sans oeuf   DLC : vendredi 25 d\u00e9cembre 20           ", "promo": "N/A", "price": "4,95\u20ac", "volume_price": "(24,75\u20ac/Kg)"}}
{"Wheaty": {"Product": "Wheaty", "Title": "Wheaty V\u00e9g\u00e9-orientales fa\u00e7on merguez ,bio Vegan, 200g", "product_info": " Wheaty V\u00e9g\u00e9-orientales fa\u00e7on merguez ,bio Vegan 200g   100% v\u00e9g\u00e9tal, \u00e0 base de prot\u00e9ine de bl\u00e9   DLC : vendredi 11 d\u00e9cembre 20           ", "promo": "N/A", "price": "4,34\u20ac", "volume_price": "(21,70\u20ac/Kg)"}}
{"C\u00e9r\u00e9alpes": {"Product": "C\u00e9r\u00e9alpes", "Title": "C\u00e9r\u00e9alpes Galette au son d'avoine bio nature x4, 240g", "product_info": " C\u00e9r\u00e9alpes Galette au son d'avoine bio nature x4 240g   Riche en prot\u00e9ine, source de fibre, moins de 3 % de MG   DLC : mardi 22 septembre 20           ", "promo": "N/A", "price": "4,93\u20ac", "volume_price": "(20,54\u20ac/Kg)"}}
{"C\u00e9r\u00e9alpes": {"Product": "C\u00e9r\u00e9alpes", "Title": "C\u00e9r\u00e9alpes 4 Galettes au son d'avoine lin, pavot, s\u00e9same Bio, 4x60g", "product_info": " C\u00e9r\u00e9alpes 4 Galettes au son d'avoine lin, pavot, s\u00e9same Bio 4x60g      DLC : mardi 15 septembre 20           ", "promo": "N/A", "price": "4,66\u20ac", "volume_price": "(19,42\u20ac/Kg)"}}
{"C\u00e9r\u00e9alpes": {"Product": "C\u00e9r\u00e9alpes", "Title": "C\u00e9r\u00e9alpes 4 Galettes au son d'avoine vanille, Bio, 4x60g", "product_info": " C\u00e9r\u00e9alpes 4 Galettes au son d'avoine vanille, Bio 4x60g      DLC : mardi 15 septembre 20           ", "promo": "N/A", "price": "4,66\u20ac", "volume_price": "(19,42\u20ac/Kg)"}}
{"Etablissements Moulin": {"Product": "Etablissements Moulin", "Title": "Etablissements Moulin Boule de campagne bio, 400g", "product_info": " Etablissements Moulin Boule de campagne bio 400g      DLC : vendredi 11 septembre 20           ", "promo": "N/A", "price": "2,25\u20ac", "volume_price": "(5,63\u20ac/Kg)"}}
{"Etablissements Moulin": {"Product": "Etablissements Moulin", "Title": "Etablissements Moulin Pain long de campagne bio, 500g", "product_info": " Etablissements Moulin Pain long de campagne bio 500g      DLC : vendredi 11 septembre 20           ", "promo": "N/A", "price": "3,15\u20ac", "volume_price": "(6,30\u20ac/Kg)"}}
{"Etablissements Moulin": {"Product": "Etablissements Moulin", "Title": "Etablissements Moulin Pain multi-c\u00e9r\u00e9ales bio, 500g", "product_info": " Etablissements Moulin Pain multi-c\u00e9r\u00e9ales bio 500g      DLC : vendredi 11 septembre 20           ", "promo": "N/A", "price": "4,89\u20ac", "volume_price": "(9,78\u20ac/Kg)"}}
{"Etablissements Moulin": {"Product": "Etablissements Moulin", "Title": "Etablissements Moulin Pain long int\u00e9gral bio, 400g", "product_info": " Etablissements Moulin Pain long int\u00e9gral bio 400g      DLC : vendredi 11 septembre 20           ", "promo": "N/A", "price": "2,89\u20ac", "volume_price": "(7,23\u20ac/Kg)"}}
{"Etablissements Moulin": {"Product": "Etablissements Moulin", "Title": "Etablissements Moulin Pain complet bio, 500g", "product_info": " Etablissements Moulin Pain complet bio 500g      DLC : vendredi 11 septembre 20           ", "promo": "N/A", "price": "3,29\u20ac", "volume_price": "(6,58\u20ac/Kg)"}}
{"Etablissements Moulin": {"Product": "Etablissements Moulin", "Title": "Etablissements Moulin Pain de mie tranch\u00e9 Bio, 500g", "product_info": " Etablissements Moulin Pain de mie tranch\u00e9 Bio 500g      DLC : vendredi 11 septembre 20           ", "promo": "N/A", "price": "4,90\u20ac", "volume_price": "(9,80\u20ac/Kg)"}}
{"Etablissements Moulin": {"Product": "Etablissements Moulin", "Title": "Etablissements Moulin Quart de miche tranch\u00e9 nature Bio, 400g", "product_info": " Etablissements Moulin Quart de miche tranch\u00e9 nature Bio 400g      DLC : vendredi 11 septembre 20           ", "promo": "N/A", "price": "2,89\u20ac", "volume_price": "(7,23\u20ac/Kg)"}}
{"Etablissements Moulin": {"Product": "Etablissements Moulin", "Title": "Etablissements Moulin Quart de miche tranch\u00e9 multic\u00e9r\u00e9ales Bio, 400g", "product_info": " Etablissements Moulin Quart de miche tranch\u00e9 multic\u00e9r\u00e9ales Bio 400g      DLC : vendredi 11 septembre 20           ", "promo": "N/A", "price": "3,55\u20ac", "volume_price": "(8,88\u20ac/Kg)"}}
{"Etablissements Moulin": {"Product": "Etablissements Moulin", "Title": "Etablissements Moulin Quart de miche tranch\u00e9 compl\u00e8te Bio, 400g", "product_info": " Etablissements Moulin Quart de miche tranch\u00e9 compl\u00e8te Bio 400g      DLC : vendredi 11 septembre 20           ", "promo": "N/A", "price": "2,99\u20ac", "volume_price": "(7,48\u20ac/Kg)"}}
{"Florentin": {"Product": "Florentin", "Title": "Florentin 4 Pains pita complet bio, 280g", "product_info": " Florentin 4 Pains pita complet bio 280g   Pain pita traditionnel du Moyen-Orient, \u00e0 la farine compl\u00e8te.   DLC : lundi 12 octobre 20           ", "promo": "N/A", "price": "2,45\u20ac", "volume_price": "(8,75\u20ac/Kg)"}}
{"L'Angelus": {"Product": "L'Angelus", "Title": "L'Angelus Baguettes camusettes de campagne bio, 400g", "product_info": " L'Angelus Baguettes camusettes de campagne bio 400g   Fabriqu\u00e9s avec du levain \u00e0 l'ancienne, donnant un go\u00fbt unique, AB   DLC : vendredi 05 fevrier 21           ", "promo": "N/A", "price": "3,29\u20ac", "volume_price": "(8,23\u20ac/Kg)"}}
{"L'Angelus": {"Product": "L'Angelus", "Title": "L'Angelus Mini boules rustique bio x6, 360g", "product_info": " L'Angelus Mini boules rustique bio x6 360g   Tous les pains Biofournil sont fabriqu\u00e9s avec du levain \u00e0 l'ancienne, donnant un go\u00fbt unique,AB   DLC : vendredi 22 janvier 21           ", "promo": "N/A", "price": "2,89\u20ac", "volume_price": "(8,03\u20ac/Kg)"}}
{"L'Angelus": {"Product": "L'Angelus", "Title": "L'Angelus Pain de mie tranch\u00e9 bio, 350g", "product_info": " L'Angelus Pain de mie tranch\u00e9 bio 350g   Pain au levain \u00e0 l'ancienne.\r Produit biologique certifi\u00e9 AB   DLC : vendredi 20 novembre 20           ", "promo": "N/A", "price": "3,78\u20ac", "volume_price": "(10,80\u20ac/Kg)"}}
{"L'Angelus": {"Product": "L'Angelus", "Title": "L'Angelus Pain d'\u00e9peautre bio, 460g", "product_info": " L'Angelus Pain d'\u00e9peautre bio 460g   Pain au levain \u00e0 l'ancienne \u00e0 cuire chez soi\r Produit biologique certifi\u00e9 ABE   DLC : samedi 30 janvier 21           ", "promo": "N/A", "price": "4,99\u20ac", "volume_price": "(10,85\u20ac/Kg)"}}
{"L'Angelus": {"Product": "L'Angelus", "Title": "L'Angelus Boulot campagne pr\u00e9cuit bio, 460g", "product_info": " L'Angelus Boulot campagne pr\u00e9cuit bio 460g   Le go\u00fbt unique de notre levain \u00e0 l'ancienne.   DLC : mardi 02 fevrier 21           ", "promo": "N/A", "price": "3,27\u20ac", "volume_price": "(7,11\u20ac/Kg)"}}
{"L'Angelus": {"Product": "L'Angelus", "Title": "L'Angelus Brioche Tranch\u00e9e froment pure beurre Bio, 500g", "product_info": " L'Angelus Brioche Tranch\u00e9e froment pure beurre Bio 500g   Recette artisanale. Sans huile de palme, farines fran\u00e7aises   DLC : mercredi 16 septembre 20           ", "promo": "N/A", "price": "7,39\u20ac", "volume_price": "(14,78\u20ac/Kg)"}}
{"Nature & Cie": {"Product": "Nature & Cie", "Title": "Nature & Cie 2 Pains hamburger bio sans gluten, 200g", "product_info": " Nature & Cie 2 Pains hamburger bio sans gluten 200g      DLC : mercredi 14 octobre 20           ", "promo": "N/A", "price": "4,19\u20ac", "volume_price": "(20,95\u20ac/Kg)"}}
{"Rapunzel": {"Product": "Rapunzel", "Title": "Rapunzel Levure fra\u00eeche bio de boulanger en cube, 42g", "product_info": " Rapunzel Levure fra\u00eeche bio de boulanger en cube 42g      DLC : dimanche 04 octobre 20           ", "promo": "N/A", "price": "1,19\u20ac", "volume_price": "(28,33\u20ac/Kg)"}}
{"Pronatura": {"Product": "Pronatura", "Title": "Pronatura Pistache d\u00e9cortiqu\u00e9es Espagne Bio, 125g", "product_info": " Pronatura Pistache d\u00e9cortiqu\u00e9es Espagne Bio 125g   Issu de l'Agriculture  biologique   DLC : jeudi 12 ao\u00fbt 21           ", "promo": "N/A", "price": "8,69\u20ac", "volume_price": "(69,52\u20ac/Kg)"}}
{"Pronatura": {"Product": "Pronatura", "Title": "Pronatura Noisettes d\u00e9cortiqu\u00e9es de Turquie bio, 250G", "product_info": " Pronatura Noisettes d\u00e9cortiqu\u00e9es de Turquie bio 250G   Produit issu de l'agriculture biologique, certifi\u00e9 par Ecocert sas.   DLC : mercredi 23 juin 21           ", "promo": "N/A", "price": "7,49\u20ac", "volume_price": "(29,96\u20ac/Kg)"}}
{"Pronatura": {"Product": "Pronatura", "Title": "Pronatura Amandes d\u00e9cortiqu\u00e9es d'Espagne bio, 250g", "product_info": " Pronatura Amandes d\u00e9cortiqu\u00e9es d'Espagne bio 250g   Produit issu de l'agriculture biologique, certifi\u00e9 par Ecocert sas.   DLC : jeudi 10 juin 21           ", "promo": "N/A", "price": "7,99\u20ac", "volume_price": "(31,96\u20ac/Kg)"}}
{"Pronatura": {"Product": "Pronatura", "Title": "Pronatura Noix de cajou bio, 250g", "product_info": " Pronatura Noix de cajou bio 250g   Produit issu de l'agriculture biologique, certifi\u00e9 par Ecocert sas.   DLC : jeudi 24 juin 21           ", "promo": "N/A", "price": "7,39\u20ac", "volume_price": "(29,56\u20ac/Kg)"}}
{"Pronatura": {"Product": "Pronatura", "Title": "Pronatura Poudre d'amande d'Espagne bio, 125g", "product_info": " Pronatura Poudre d'amande d'Espagne bio 125g   Produit issu de l'agriculture biologique, certifi\u00e9 par Ecocert sas.   DLC : vendredi 31 d\u00e9cembre 21           ", "promo": "N/A", "price": "3,99\u20ac", "volume_price": "(31,92\u20ac/Kg)"}}
{"Pronatura": {"Product": "Pronatura", "Title": "Pronatura Bananes s\u00e9ch\u00e9es de Equateur bio, 250g", "product_info": " Pronatura Bananes s\u00e9ch\u00e9es de Equateur bio 250g   Produit issu de l'agriculture biologique, certifi\u00e9 par Ecocert sas.   DLC : jeudi 19 ao\u00fbt 21           ", "promo": "N/A", "price": "3,99\u20ac", "volume_price": "(15,96\u20ac/Kg)"}}
{"Pronatura": {"Product": "Pronatura", "Title": "Pronatura Cranberries bio, enti\u00e8re, 1kg", "product_info": " Pronatura Cranberries bio, enti\u00e8re  1kg   Origine Canada   DLC : samedi 30 avril 22           ", "promo": "N/A", "price": "27,99\u20ac", "volume_price": "(27,99\u20ac/Kg)"}}
{"Pronatura": {"Product": "Pronatura", "Title": "Pronatura Amandes d\u00e9cortiqu\u00e9s, bio, 1kg", "product_info": " Pronatura Amandes d\u00e9cortiqu\u00e9s, bio 1kg      DLC : vendredi 18 juin 21           ", "promo": "N/A", "price": "24,99\u20ac", "volume_price": "(24,99\u20ac/Kg)"}}
{"Pronatura": {"Product": "Pronatura", "Title": "Pronatura Noisettes d\u00e9cortiqu\u00e9es, bio, 1kg", "product_info": " Pronatura Noisettes d\u00e9cortiqu\u00e9es, bio 1kg      DLC : mercredi 28 avril 21           ", "promo": "N/A", "price": "22,99\u20ac", "volume_price": "(22,99\u20ac/Kg)"}}
{"The Bridge": {"Product": "The Bridge", "Title": "The Bridge Boisson au riz, nature, bio, Lot de 2x1L", "product_info": " The Bridge Boisson au riz, nature, bio Lot de 2x1L   Boisson au riz. 0% cholesterol, 0% lactose             ", "promo": "N/A", "price": "4,18\u20ac", "volume_price": "(2,09\u20ac/L)"}}
{"The Bridge": {"Product": "The Bridge", "Title": "The Bridge Boisson avoine + Calcium bio, Lot de 2x1L", "product_info": " The Bridge Boisson avoine + Calcium bio Lot de 2x1L   100% v\u00e9g\u00e9tale\r 0% de cholest\u00e9rol\r Calcium d'origine v\u00e9g\u00e9tale\r 14% d'avoine             ", "promo": "N/A", "price": "4,38\u20ac", "volume_price": "(2,19\u20ac/L)"}}
{"The Bridge": {"Product": "The Bridge", "Title": "The Bridge Boisson de riz coco Bio, Lot de 2x1L", "product_info": " The Bridge Boisson de riz coco Bio Lot de 2x1L   Boisson totalement v\u00e9g\u00e9tale, produit \u00e0 base de riz italien issu des cultures biologiques             ", "promo": "N/A", "price": "5,02\u20ac", "volume_price": "(2,51\u20ac/L)"}}
{"The Bridge": {"Product": "The Bridge", "Title": "The Bridge Boisson \u00e0 l'avoine bio, lot de 2x1L", "product_info": " The Bridge Boisson \u00e0 l'avoine bio lot de 2x1L   Boisson \u00e0 base d'avoine.             ", "promo": "N/A", "price": "4,30\u20ac", "volume_price": "(2,15\u20ac/L)"}}
{"The Bridge": {"Product": "The Bridge", "Title": "The Bridge Boisson  riz calcium bio, lot de 2x1L", "product_info": " The Bridge Boisson  riz calcium bio lot de 2x1L   Boisson \u00e0 base de riz avec calcium d'origine v\u00e9g\u00e9tale.             ", "promo": "N/A", "price": "4,30\u20ac", "volume_price": "(2,15\u20ac/L)"}}
{"The Bridge": {"Product": "The Bridge", "Title": "The Bridge Boisson de riz bio \u00e0 l'amande, Lot de 2x1L", "product_info": " The Bridge Boisson de riz bio \u00e0 l'amande Lot de 2x1L   Boisson v\u00e9g\u00e9tale bio             ", "promo": "N/A", "price": "4,84\u20ac", "volume_price": "(2,42\u20ac/L)"}}
{"Bonneterre": {"Product": "Bonneterre", "Title": "Bonneterre Boisson Riz \u00e9peautre Noisette bio, 1L", "product_info": " Bonneterre Boisson Riz \u00e9peautre Noisette bio 1L   Boisson st\u00e9rilis\u00e9e UHT \u00e0 base de C\u00e9r\u00e9ales et de P\u00e2te de Noisettes             ", "promo": "N/A", "price": "3,29\u20ac", "volume_price": "(3,29\u20ac/L)"}}
{"Bonneterre": {"Product": "Bonneterre", "Title": "Bonneterre Boisson Riz chocolat noisette bio, 1L", "product_info": " Bonneterre Boisson Riz chocolat noisette bio 1L   Boisson biologique \u00e0 base de riz, de noisettes et de chocolat, st\u00e9rilis\u00e9e UHT.             ", "promo": "N/A", "price": "3,25\u20ac", "volume_price": "(3,25\u20ac/L)"}}
{"Bonneterre": {"Product": "Bonneterre", "Title": "Bonneterre Boisson avoine calcium bio, 1L", "product_info": " Bonneterre Boisson avoine calcium bio 1L   Boisson st\u00e9rilis\u00e9e UHT \u00e0 base d'avoine et de calcium d'origine v\u00e9g\u00e9tale, sans sucre ajout\u00e9             ", "promo": "N/A", "price": "2,39\u20ac", "volume_price": "(2,39\u20ac/L)"}}
{"Bonneterre": {"Product": "Bonneterre", "Title": "Bonneterre  Boisson avoine nature bio, 1L", "product_info": " Bonneterre  Boisson avoine nature bio 1L   Boisson st\u00e9rilis\u00e9e UHT \u00e0 base d'Avoine, sans sucre ajout\u00e9s             ", "promo": "N/A", "price": "2,10\u20ac", "volume_price": "(2,10\u20ac/L)"}}
{"Bonneterre": {"Product": "Bonneterre", "Title": "Bonneterre Boisson riz et amande bio, 1L", "product_info": " Bonneterre Boisson riz et amande bio 1L   Boisson st\u00e9rilis\u00e9e UHT \u00e0 base de Riz et d'Amande             ", "promo": "N/A", "price": "3,49\u20ac", "volume_price": "(3,49\u20ac/L)"}}
{"Bonneterre": {"Product": "Bonneterre", "Title": "Bonneterre Boisson riz et calcium bio, 1L", "product_info": " Bonneterre Boisson riz et calcium bio 1L   Boisson st\u00e9rilis\u00e9e UHT \u00e0 base de Riz et de Calcium d'origine v\u00e9g\u00e9tale             ", "promo": "N/A", "price": "2,94\u20ac", "volume_price": "(2,94\u20ac/L)"}}
{"Bonneterre": {"Product": "Bonneterre", "Title": "Bonneterre Boisson bio Millet Amande Noisette, 1L", "product_info": " Bonneterre Boisson bio Millet Amande Noisette 1L   Boisson st\u00e9rilis\u00e9e UHT \u00e0 base de Millet, d'Amande et de Noisette, 100% v\u00e9g\u00e9tal             ", "promo": "N/A", "price": "3,95\u20ac", "volume_price": "(3,95\u20ac/L)"}}
{"Bonneterre": {"Product": "Bonneterre", "Title": "Bonneterre Boisson Riz Ch\u00e2taigne Avoine bio, 1L", "product_info": " Bonneterre Boisson Riz Ch\u00e2taigne Avoine bio 1L   Boisson st\u00e9rilis\u00e9e UHT \u00e0 base de Ch\u00e2taigne, de Riz et d'Avoine             ", "promo": "N/A", "price": "3,75\u20ac", "volume_price": "(3,75\u20ac/L)"}}
{"Evernat": {"Product": "Evernat", "Title": "Evernat Douceur amande calcium bio, 1L", "product_info": " Evernat Douceur amande calcium bio 1L   Boisson biologique \u00e0 base d'amande et d'algue Litothamnium calcareum source de calcium             ", "promo": "N/A", "price": "3,55\u20ac", "volume_price": "(3,55\u20ac/L)"}}
{"Evernat": {"Product": "Evernat", "Title": "Evernat Douceur amande sans sucre bio, 1L", "product_info": " Evernat Douceur amande sans sucre bio 1L   Boisson biologique \u00e0 base d'amandes sans sucres ajout\u00e9s, 100% v\u00e9g\u00e9tal, vegan             ", "promo": "N/A", "price": "3,36\u20ac", "volume_price": "(3,36\u20ac/L)"}}
{"Evernat": {"Product": "Evernat", "Title": "Evernat Boisson bio coco, 1L", "product_info": " Evernat Boisson bio coco  1L   Boisson biologique \u00e0 base de lait de coco st\u00e9rilis\u00e9e UHT             ", "promo": "N/A", "price": "3,28\u20ac", "volume_price": "(3,28\u20ac/L)"}}
{"Grandeur nature": {"Product": "Grandeur nature", "Title": "Grandeur nature Lait en poudre \u00e9cr\u00e9m\u00e9 bio, 300g", "product_info": " Grandeur nature Lait en poudre \u00e9cr\u00e9m\u00e9 bio 300g                ", "promo": "N/A", "price": "4,85\u20ac", "volume_price": "(16,17\u20ac/Kg)"}}
{"La Mandorle": {"Product": "La Mandorle", "Title": "La Mandorle Fleur d'amande boisson 100% v\u00e9g\u00e9tale, bio, 400g", "product_info": " La Mandorle Fleur d'amande boisson 100% v\u00e9g\u00e9tale, bio 400g   Boisson instantan\u00e9e sans lactose, sans gluten, sans soja, sans arachide.              ", "promo": "N/A", "price": "19,97\u20ac", "volume_price": "(49,93\u20ac/Kg)"}}
{"The Bridge": {"Product": "The Bridge", "Title": "The Bridge Boisson au riz, nature, bio, 1L", "product_info": " The Bridge Boisson au riz, nature, bio 1L   Boisson au riz. 0% cholesterol, 0% lactose             ", "promo": "N/A", "price": "2,09\u20ac", "volume_price": "(2,09\u20ac/L)"}}
{"The Bridge": {"Product": "The Bridge", "Title": "The Bridge Boisson de riz vanille bio, 1L", "product_info": " The Bridge Boisson de riz vanille bio 1L   Boisson de riz bio gout  \u00e0 la vanille the bridge 1L             ", "promo": "N/A", "price": "2,15\u20ac", "volume_price": "(2,15\u20ac/L)"}}
{"The Bridge": {"Product": "The Bridge", "Title": "The Bridge Boisson  soja, bio, 1L", "product_info": " The Bridge Boisson  soja, bio 1L   100% v\u00e9g\u00e9tale et sans sucres ajout\u00e9s\r 0% cholest\u00e9rol et lactose.              ", "promo": "N/A", "price": "1,77\u20ac", "volume_price": "(1,77\u20ac/L)"}}
{"The Bridge": {"Product": "The Bridge", "Title": "The Bridge Boisson avoine + Calcium bio, 1L", "product_info": " The Bridge Boisson avoine + Calcium bio 1L   100% v\u00e9g\u00e9tale\r 0% de cholest\u00e9rol\r Calcium d'origine v\u00e9g\u00e9tale\r 14% d'avoine             ", "promo": "N/A", "price": "2,19\u20ac", "volume_price": "(2,19\u20ac/L)"}}
{"The Bridge": {"Product": "The Bridge", "Title": "The Bridge Boisson de riz coco Bio, 1L", "product_info": " The Bridge Boisson de riz coco Bio 1L   Boisson totalement v\u00e9g\u00e9tale, produit \u00e0 base de riz italien issu des cultures biologiques             ", "promo": "N/A", "price": "2,51\u20ac", "volume_price": "(2,51\u20ac/L)"}}
{"The Bridge": {"Product": "The Bridge", "Title": "The Bridge Boisson au riz et cacao bio, 1L", "product_info": " The Bridge Boisson au riz et cacao bio 1L   Sans gluten, Vegan             ", "promo": "N/A", "price": "2,42\u20ac", "volume_price": "(2,42\u20ac/L)"}}
{"The Bridge": {"Product": "The Bridge", "Title": "The Bridge Boisson au riz et noisette bio, 1L", "product_info": " The Bridge Boisson au riz et noisette bio 1L   Boisson au riz, au go\u00fbt exquis de noisette, naturellement sans lactose, ni cholest\u00e9rol             ", "promo": "N/A", "price": "2,93\u20ac", "volume_price": "(2,93\u20ac/L)"}}
{"The Bridge": {"Product": "The Bridge", "Title": "The Bridge Boisson amande bio intense 8%, 1L", "product_info": " The Bridge Boisson amande bio intense 8% 1L   Produit V\u00e9gan, sans gluten, 8% d'amande             ", "promo": "N/A", "price": "3,99\u20ac", "volume_price": "(3,99\u20ac/L)"}}
{"The Bridge": {"Product": "The Bridge", "Title": "The Bridge Boisson de riz bio \u00e0 l'amande, 1L", "product_info": " The Bridge Boisson de riz bio \u00e0 l'amande 1L   Boisson v\u00e9g\u00e9tale bio             ", "promo": "N/A", "price": "2,42\u20ac", "volume_price": "(2,42\u20ac/L)"}}
{"The Bridge": {"Product": "The Bridge", "Title": "The Bridge Boisson riz calcium bio, 1L", "product_info": " The Bridge Boisson riz calcium bio 1L   Boisson \u00e0 base de riz avec calcium d'origine v\u00e9g\u00e9tale.             ", "promo": "N/A", "price": "2,15\u20ac", "volume_price": "(2,15\u20ac/L)"}}
{"The Bridge": {"Product": "The Bridge", "Title": "The Bridge Boisson \u00e0 l'avoine bio, 1L", "product_info": " The Bridge Boisson \u00e0 l'avoine bio 1L   Boisson \u00e0 base d'avoine.             ", "promo": "N/A", "price": "2,15\u20ac", "volume_price": "(2,15\u20ac/L)"}}
{"Hipp": {"Product": "Hipp", "Title": "Hipp Lait de croissance, bio, lot de 2 paquets de 6x1l", "product_info": " Hipp Lait de croissance, bio lot de 2 paquets de 6x1l                ", "promo": "N/A", "price": "34,34\u20ac", "volume_price": "(2,86\u20ac/L)"}}
{"Convivial": {"Product": "Convivial", "Title": "Convivial Hach\u00e9 de boeuf \u00e0 cuisiner Bio 15% MG, Sachet de 400g", "product_info": " Convivial Hach\u00e9 de boeuf \u00e0 cuisiner Bio 15% MG Sachet de 400g   L'aide culinaire indispensable \u00e0 la r\u00e9alisation de vos pr\u00e9parations \u00e0 base de boeuf  Origine : Produit en Auvergne           ", "promo": "N/A", "price": "6,49\u20ac", "volume_price": "(16,23\u20ac/Kg)"}}
{"Convivial": {"Product": "Convivial", "Title": "Convivial 4 Steaks hach\u00e9s fa\u00e7on bouch\u00e8re pur boeuf Bio 15% MG 4x100g, Boite de 400g", "product_info": " Convivial 4 Steaks hach\u00e9s fa\u00e7on bouch\u00e8re pur boeuf Bio 15% MG 4x100g Boite de 400g   \u00ab fa\u00e7on bouch\u00e8re \u00bb, afin de respecter le plus possible la structure de la viande  Origine : Produit en Auvergne           ", "promo": "N/A", "price": "6,79\u20ac", "volume_price": "(16,98\u20ac/Kg)"}}
{"Food4Good": {"Product": "Food4Good", "Title": "Food4Good 2 Pav\u00e9s de Truites Bio avec peau sans ar\u00eate \u00e9lev\u00e9e en mer, Boite de 250g", "product_info": " Food4Good 2 Pav\u00e9s de Truites Bio avec peau sans ar\u00eate \u00e9lev\u00e9e en mer Boite de 250g   Des saveurs fines et iod\u00e9es et de nombreux nutriments essentiels             ", "promo": "N/A", "price": "9,99\u20ac", "volume_price": "(39,96\u20ac/Kg)"}}
{"Yooji": {"Product": "Yooji", "Title": "Yooji Pur\u00e9e de ratatouille bio surgel\u00e9e en portions d\u00e8s 9 mois, Sachet de 480g", "product_info": " Yooji Pur\u00e9e de ratatouille bio surgel\u00e9e en portions d\u00e8s 9 mois Sachet de 480g   Une pur\u00e9e avec des morceaux fondants pr\u00e9par\u00e9e avec des l\u00e9gumes bio et de pommes de terre bio  Origine : Cuisin\u00e9 \u00e0 Agen           ", "promo": "N/A", "price": "4,49\u20ac", "volume_price": "(9,35\u20ac/Kg)"}}
{"Yooji": {"Product": "Yooji", "Title": "Yooji Poulet bio hach\u00e9, cuit et surgel\u00e9 en galets d\u00e8s 6 mois, Boite de 120g", "product_info": " Yooji Poulet bio hach\u00e9, cuit et surgel\u00e9 en galets d\u00e8s 6 mois Boite de 120g   De la viande de poulet hach\u00e9e finement, cuite, surgel\u00e9e et pr\u00e9sent\u00e9e en petits galets de 10g.   Origine : Cuisin\u00e9 \u00e0 Agen           ", "promo": "N/A", "price": "4,19\u20ac", "volume_price": "(34,92\u20ac/Kg)"}}
{"Yooji": {"Product": "Yooji", "Title": "Yooji Pur\u00e9e de Petits pois bio surgel\u00e9e en portions d\u00e8s 4 mois, Sachet de 480g", "product_info": " Yooji Pur\u00e9e de Petits pois bio surgel\u00e9e en portions d\u00e8s 4 mois Sachet de 480g   Une pur\u00e9e lisse pr\u00e9par\u00e9e uniquement avec des petits pois bio  Origine : Cuisin\u00e9 \u00e0 Agen           ", "promo": "N/A", "price": "4,49\u20ac", "volume_price": "(9,35\u20ac/Kg)"}}
{"Yooji": {"Product": "Yooji", "Title": "Yooji Pur\u00e9e Douceur d'automne bio surgel\u00e9e en portions d\u00e8s 9 mois, Sachet de 480g", "product_info": " Yooji Pur\u00e9e Douceur d'automne bio surgel\u00e9e en portions d\u00e8s 9 mois Sachet de 480g   Une pur\u00e9e avec des morceaux fondants pr\u00e9par\u00e9e avec des l\u00e9gumes bio   Origine : Cuisin\u00e9 \u00e0 Agen           ", "promo": "N/A", "price": "4,75\u20ac", "volume_price": "(9,90\u20ac/Kg)"}}
{"Yooji": {"Product": "Yooji", "Title": "Yooji Pur\u00e9e de Potiron bio surgel\u00e9e en portions d\u00e8s 4 mois, Sachet de 480g", "product_info": " Yooji Pur\u00e9e de Potiron bio surgel\u00e9e en portions d\u00e8s 4 mois Sachet de 480g   Une pur\u00e9e lisse pr\u00e9par\u00e9e uniquement avec du potiron bio.   Origine : Cuisin\u00e9 \u00e0 Agen           ", "promo": "N/A", "price": "4,49\u20ac", "volume_price": "(9,35\u20ac/Kg)"}}
{"Yooji": {"Product": "Yooji", "Title": "Yooji B\u009cuf bio VBF hach\u00e9, cuit et surgel\u00e9 en galets d\u00e8s 6 mois, Boite de 120g", "product_info": " Yooji B\u009cuf bio VBF hach\u00e9, cuit et surgel\u00e9 en galets d\u00e8s 6 mois Boite de 120g   De la viande de boeuf hach\u00e9e finement, cuite, surgel\u00e9e et pr\u00e9sent\u00e9e en petits galets de 10g.   Origine : Cuisin\u00e9 \u00e0 Agen           ", "promo": "N/A", "price": "4,69\u20ac", "volume_price": "(39,08\u20ac/Kg)"}}
{"Yooji": {"Product": "Yooji", "Title": "Yooji Dinde bio hach\u00e9e, cuite et surgel\u00e9e en galets d\u00e8s 6 mois, Boite de 120g", "product_info": " Yooji Dinde bio hach\u00e9e, cuite et surgel\u00e9e en galets d\u00e8s 6 mois Boite de 120g   De la viande de dinde hach\u00e9e finement, cuite, surgel\u00e9e et pr\u00e9sent\u00e9e en petits galets de 10g.   Origine : Cuisin\u00e9 \u00e0 Agen           ", "promo": "N/A", "price": "4,19\u20ac", "volume_price": "(34,92\u20ac/Kg)"}}
{"A Table": {"Product": "A Table", "Title": "A Table 2 Flammekueche bio 2x260g, Boite de 520g", "product_info": " A Table 2 Flammekueche bio 2x260g Boite de 520g   Tarte flamb\u00e9e (cuite \u00e0 la flamme)             ", "promo": "N/A", "price": "6,89\u20ac", "volume_price": "(13,25\u20ac/Kg)"}}
{"Bio Inside": {"Product": "Bio Inside", "Title": "Bio Inside Champignons de Paris \u00e9minc\u00e9s bio, Sachet de 300g", "product_info": " Bio Inside Champignons de Paris \u00e9minc\u00e9s bio Sachet de 300g   Pr\u00eat \u00e0 cuisiner             ", "promo": "N/A", "price": "2,79\u20ac", "volume_price": "(9,30\u20ac/Kg)"}}
{"Bio Inside": {"Product": "Bio Inside", "Title": "Bio Inside Ail coup\u00e9 en petits cubes Bio, Sachet de 100g", "product_info": " Bio Inside Ail coup\u00e9 en petits cubes Bio Sachet de 100g   Issus de l'Agriculture Biologique             ", "promo": "N/A", "price": "2,95\u20ac", "volume_price": "(29,50\u20ac/Kg)"}}
{"Bio Inside": {"Product": "Bio Inside", "Title": "Bio Inside Ciboulette hach\u00e9e Bio, Sachet de 75g", "product_info": " Bio Inside Ciboulette hach\u00e9e Bio Sachet de 75g   Issue de l'Agriculture Biologique             ", "promo": "N/A", "price": "2,75\u20ac", "volume_price": "(36,67\u20ac/Kg)"}}
{"Bio Inside": {"Product": "Bio Inside", "Title": "Bio Inside Persil hach\u00e9 Bio, Sachet de 75g", "product_info": " Bio Inside Persil hach\u00e9 Bio Sachet de 75g   Issu de l'Agriculture Biologique             ", "promo": "N/A", "price": "2,15\u20ac", "volume_price": "(28,67\u20ac/Kg)"}}
{"Bio Inside": {"Product": "Bio Inside", "Title": "Bio Inside D\u00e9s d'oignons rouges Bio, Sachet de 150g", "product_info": " Bio Inside D\u00e9s d'oignons rouges Bio Sachet de 150g   Issus de l'Agriculture Biologique             ", "promo": "N/A", "price": "2,99\u20ac", "volume_price": "(19,93\u20ac/Kg)"}}
{"Bio Inside": {"Product": "Bio Inside", "Title": "Bio Inside Herbes m\u00eal\u00e9es Bio- Persil, Aneth, cerfeuil, basilic, ciboulette, Sachet de 75g", "product_info": " Bio Inside Herbes m\u00eal\u00e9es Bio- Persil, Aneth, cerfeuil, basilic, ciboulette Sachet de 75g   Saupoudrer sur toutes vos recettes, froides, ou chaudes             ", "promo": "N/A", "price": "2,49\u20ac", "volume_price": "(33,20\u20ac/Kg)"}}
{"Bioregard": {"Product": "Bioregard", "Title": "Bioregard Champignons de Paris \u00e9minc\u00e9s Bio, Sachet de 600g", "product_info": " Bioregard Champignons de Paris \u00e9minc\u00e9s Bio Sachet de 600g   Issus de l'Agriculture Biologique             ", "promo": "N/A", "price": "4,99\u20ac", "volume_price": "(8,32\u20ac/Kg)"}}
{"Bioregard": {"Product": "Bioregard", "Title": "Bioregard Epinards hach\u00e9s Bio en galets, Sachet de 600g", "product_info": " Bioregard Epinards hach\u00e9s Bio en galets Sachet de 600g   Issus de l'Agriculture Biologique             ", "promo": "N/A", "price": "2,99\u20ac", "volume_price": "(4,98\u20ac/Kg)"}}
{"Bioregard": {"Product": "Bioregard", "Title": "Bioregard Haricots verts extra-fins Bio, Sachet de 600g", "product_info": " Bioregard Haricots verts extra-fins Bio Sachet de 600g   Issu de l'Agriculture Biologique             ", "promo": "N/A", "price": "3,29\u20ac", "volume_price": "(5,48\u20ac/Kg)"}}
{"Bioregard": {"Product": "Bioregard", "Title": "Bioregard Petits pois tr\u00e8s fins bio, Sachet de 600g", "product_info": " Bioregard Petits pois tr\u00e8s fins bio Sachet de 600g   Issus de l'Agriculture biologique             ", "promo": "N/A", "price": "3,59\u20ac", "volume_price": "(5,98\u20ac/Kg)"}}
{"Bioregard": {"Product": "Bioregard", "Title": "Bioregard Courgettes rondelles Bio, Sachet de 600g", "product_info": " Bioregard Courgettes rondelles Bio Sachet de 600g     Origine : France           ", "promo": "N/A", "price": "2,99\u20ac", "volume_price": "(4,98\u20ac/Kg)"}}
{"Bioregard": {"Product": "Bioregard", "Title": "Bioregard Fraises enti\u00e8res Bio, Sachet de 300g", "product_info": " Bioregard Fraises enti\u00e8res Bio Sachet de 300g   Issues de l'Agriculture Biologique             ", "promo": "N/A", "price": "4,69\u20ac", "volume_price": "(15,63\u20ac/Kg)"}}
{"Bioregard": {"Product": "Bioregard", "Title": "Bioregard Framboises enti\u00e8res Bio, Sachet de 300g", "product_info": " Bioregard Framboises enti\u00e8res Bio Sachet de 300g   Issues de l'Agriculture Biologique             ", "promo": "N/A", "price": "4,99\u20ac", "volume_price": "(16,63\u20ac/Kg)"}}
{"Bioregard": {"Product": "Bioregard", "Title": "Bioregard Myrtilles Sauvages Bio, Sachet de 300g", "product_info": " Bioregard Myrtilles Sauvages Bio  Sachet de 300g   Issues de l'Agriculture Biologique             ", "promo": "N/A", "price": "4,64\u20ac", "volume_price": "(15,47\u20ac/Kg)"}}
{"Bioregard": {"Product": "Bioregard", "Title": "Bioregard M\u00fbres enti\u00e8res bio, Sachet de 300g", "product_info": " Bioregard M\u00fbres enti\u00e8res bio Sachet de 300g   Issus de l'Agriculture Biologique             ", "promo": "N/A", "price": "4,17\u20ac", "volume_price": "(13,90\u20ac/Kg)"}}
{"Bleu Vert": {"Product": "Bleu Vert", "Title": "Bleu Vert Nuggets de Colin d'Alaska MSC Panure Bio, Barquette de 300g", "product_info": " Bleu Vert Nuggets de Colin d'Alaska MSC Panure Bio Barquette de 300g   15 pi\u00e8ces environ, P\u00eache durable MSC             ", "promo": "N/A", "price": "6,51\u20ac", "volume_price": "(21,70\u20ac/Kg)"}}
{"Bleu Vert": {"Product": "Bleu Vert", "Title": "Bleu Vert Nuggets de saumon bio, 300g", "product_info": " Bleu Vert Nuggets de saumon bio  300g   15 pi\u00e8ces environ             ", "promo": "N/A", "price": "9,99\u20ac", "volume_price": "(33,30\u20ac/Kg)"}}
{"Bleu Vert": {"Product": "Bleu Vert", "Title": "Bleu Vert 2 Filets de colin-lieu MSC panure bio 2x100g, Boite de 200g", "product_info": " Bleu Vert 2 Filets de colin-lieu MSC panure bio 2x100g Boite de 200g   Filet de colin lieu, pan\u00e9, pr\u00e9cuit, congel\u00e9.\r P\u00eache durable             ", "promo": "N/A", "price": "5,40\u20ac", "volume_price": "(27,00\u20ac/Kg)"}}
{"Bouch\u00e9es Vertes": {"Product": "Bouch\u00e9es Vertes", "Title": "Bouch\u00e9es Vertes Boulettes bio pois chiche poivrons cumin, Boite de 240g", "product_info": " Bouch\u00e9es Vertes Boulettes bio pois chiche poivrons cumin Boite de 240g   Boulettes 100% v\u00e9g\u00e9tale\r              ", "promo": "N/A", "price": "6,39\u20ac", "volume_price": "(26,63\u20ac/Kg)"}}
{"Bouch\u00e9es Vertes": {"Product": "Bouch\u00e9es Vertes", "Title": "Bouch\u00e9es Vertes Boulettes bio haricots flageolets poireaux muscade, Boite de 240g", "product_info": " Bouch\u00e9es Vertes Boulettes bio haricots flageolets poireaux muscade Boite de 240g   Boulettes 100% v\u00e9g\u00e9tale             ", "promo": "N/A", "price": "6,39\u20ac", "volume_price": "(26,63\u20ac/Kg)"}}
{"Bouch\u00e9es Vertes": {"Product": "Bouch\u00e9es Vertes", "Title": "Bouch\u00e9es Vertes Boulettes bio lentilles vertes carottes oignons, Boite de 240g", "product_info": " Bouch\u00e9es Vertes Boulettes bio lentilles vertes carottes oignons Boite de 240g   Boulettes 100% v\u00e9g\u00e9tale             ", "promo": "N/A", "price": "6,39\u20ac", "volume_price": "(26,63\u20ac/Kg)"}}
{"D\u00e9lice d'\u00d4": {"Product": "D\u00e9lice d'\u00d4", "Title": "D\u00e9lice d'\u00d4 Crevettes crues d\u00e9cortiqu\u00e9es bio, 200g", "product_info": " D\u00e9lice d'\u00d4 Crevettes crues d\u00e9cortiqu\u00e9es bio 200g   Origine Equateur, calibre 41/50 - 51/60             ", "promo": "N/A", "price": "11,79\u20ac", "volume_price": "(58,95\u20ac/Kg)"}}
{"D\u00e9lices d'o": {"Product": "D\u00e9lices d'o", "Title": "D\u00e9lices d'o 2 Pav\u00e9s de saumon Atlantique Bio avec peau, Sachet de 300g", "product_info": " D\u00e9lices d'o 2 Pav\u00e9s de saumon Atlantique Bio avec peau Sachet de 300g   Certifi\u00e9 Agriculture Biologique, \u00e9lev\u00e9s en \u00c9cosse ou Irlande  Origine : Ecosse           ", "promo": "N/A", "price": "15,39\u20ac", "volume_price": "(51,30\u20ac/Kg)"}}
{"Food4Good": {"Product": "Food4Good", "Title": "Food4Good Grosses gambas enti\u00e8res crues Bio calibre 20/30, Boite de 500g", "product_info": " Food4Good Grosses gambas enti\u00e8res crues Bio calibre 20/30 Boite de 500g   Contient 10-15 pi\u00e8ces. Aquaculture, \u00e9levage traditionnel en Indon\u00e9sie             ", "promo": "N/A", "price": "17,90\u20ac", "volume_price": "(35,80\u20ac/Kg)"}}
{"Food4Good": {"Product": "Food4Good", "Title": "Food4Good 4 Portions de Saumon Bio \u00e9lev\u00e9 en Mer d\u0092Irlande avec peau, Boite de 500g", "product_info": " Food4Good 4 Portions de Saumon Bio \u00e9lev\u00e9 en Mer d\u0092Irlande avec peau Boite de 500g   Elev\u00e9 selon le cahier des charges de la production biologique             ", "promo": "N/A", "price": "19,90\u20ac", "volume_price": "(39,80\u20ac/Kg)"}}
{"Food4Good": {"Product": "Food4Good", "Title": "Food4Good 2 filets de Daurade Royale Bio avec peau \u00e9lev\u00e9e en France, Boite de 200g", "product_info": " Food4Good 2 filets de Daurade Royale Bio avec peau \u00e9lev\u00e9e en France Boite de 200g   Grill\u00e9e \u00e0 la po\u00eale \u00e0 l\u0092unilat\u00e9rale c\u00f4t\u00e9 peau, ou au four en papillote.\r              ", "promo": "N/A", "price": "14,50\u20ac", "volume_price": "(72,50\u20ac/Kg)"}}
{"Food4Good": {"Product": "Food4Good", "Title": "Food4Good 2 Filets de Bar Bio avec peau sans ar\u00eate \u00e9lev\u00e9 en France, Boite de 200g", "product_info": " Food4Good 2 Filets de Bar Bio avec peau sans ar\u00eate \u00e9lev\u00e9 en France Boite de 200g   Une chair ferme et peu grasse, source d\u0092omega-3 et de vitamine D.             ", "promo": "N/A", "price": "14,50\u20ac", "volume_price": "(72,50\u20ac/Kg)"}}
{"Food4Good": {"Product": "Food4Good", "Title": "Food4Good 14 B\u00e2tonnets pan\u00e9s de saumon Bio d'Irlande 14x25g, Boite de 350g", "product_info": " Food4Good 14 B\u00e2tonnets pan\u00e9s de saumon Bio d'Irlande 14x25g Boite de 350g   Le premier poisson pan\u00e9 certifi\u00e9 Bio avec 70% de poisson d'Aquaculture             ", "promo": "N/A", "price": "9,99\u20ac", "volume_price": "(28,54\u20ac/Kg)"}}
{"La Pizza du Moulin": {"Product": "La Pizza du Moulin", "Title": "La Pizza du Moulin Pizza bio Epaule emmental cuite au feu de bois, Boite de 360g", "product_info": " La Pizza du Moulin Pizza bio Epaule emmental cuite au feu de bois Boite de 360g   Avec des ingr\u00e9dients issus de l'Agriculture Biologique             ", "promo": "N/A", "price": "4,99\u20ac", "volume_price": "(13,86\u20ac/Kg)"}}
{"La Pizza du Moulin": {"Product": "La Pizza du Moulin", "Title": "La Pizza du Moulin Pizza L\u00e9gumes cuisin\u00e9s Bio cuite au feu de bois- Aubergines, courgettes, poivrons, oignons, Boite de 400g", "product_info": " La Pizza du Moulin Pizza L\u00e9gumes cuisin\u00e9s Bio cuite au feu de bois- Aubergines, courgettes, poivrons, oignons Boite de 400g   Avec des ingr\u00e9dients issus de l'Agriculture Biologique             ", "promo": "N/A", "price": "4,79\u20ac", "volume_price": "(11,98\u20ac/Kg)"}}
{"La Pizza du Moulin": {"Product": "La Pizza du Moulin", "Title": "La Pizza du Moulin Pizza 3 fromages Bio cuite au feu de bois- Emmental, mozzarella et gorgonzola, Boite de 350g", "product_info": " La Pizza du Moulin Pizza 3 fromages Bio cuite au feu de bois- Emmental, mozzarella et gorgonzola Boite de 350g   Issu de l'Agriculture Biologique             ", "promo": "N/A", "price": "4,25\u20ac", "volume_price": "(12,14\u20ac/Kg)"}}
{"La Pizza du Moulin": {"Product": "La Pizza du Moulin", "Title": "La Pizza du Moulin Pizza B\u00fbche de ch\u00e8vre bio cuite au feu de bois, Boite de 360g", "product_info": " La Pizza du Moulin Pizza B\u00fbche de ch\u00e8vre bio cuite au feu de bois Boite de 360g   Avec des ingr\u00e9dients issus de l'Agriculture Biologique             ", "promo": "N/A", "price": "4,99\u20ac", "volume_price": "(13,86\u20ac/Kg)"}}
{"La Pizza du Moulin": {"Product": "La Pizza du Moulin", "Title": "La Pizza du Moulin Pizza royale Bio \u00c9paule, emmental et champignons cuite au feu de bois, Boite de 400g", "product_info": " La Pizza du Moulin Pizza royale Bio \u00c9paule, emmental et champignons cuite au feu de bois Boite de 400g   Avec des ingr\u00e9dients issus de l'Agriculture Biologique             ", "promo": "N/A", "price": "4,99\u20ac", "volume_price": "(12,48\u20ac/Kg)"}}
{"La Pizza du Moulin": {"Product": "La Pizza du Moulin", "Title": "La Pizza du Moulin Pizza au Saumon fum\u00e9 Bio cuite au feu de bois, Boite de 360g", "product_info": " La Pizza du Moulin Pizza au Saumon fum\u00e9 Bio cuite au feu de bois Boite de 360g   Garnie d'Emmental, de saumon fum\u00e9 et de tomate, cuite au feu de bois             ", "promo": "N/A", "price": "5,29\u20ac", "volume_price": "(14,69\u20ac/Kg)"}}
{"La Pizza du Moulin": {"Product": "La Pizza du Moulin", "Title": "La Pizza du Moulin Pizza Bolognaise Bio cuite au feu de bois, Boite de 380g", "product_info": " La Pizza du Moulin Pizza Bolognaise Bio cuite au feu de bois Boite de 380g   Avec des ingr\u00e9dients issus de l'Agriculture Biologique             ", "promo": "N/A", "price": "4,99\u20ac", "volume_price": "(13,13\u20ac/Kg)"}}
{"Le Picoreur": {"Product": "Le Picoreur", "Title": "Le Picoreur 2 Escalopes de poulet Bio, Barquette de 250g", "product_info": " Le Picoreur 2 Escalopes de poulet Bio Barquette de 250g   Volaille fermi\u00e8re \u00e9lev\u00e9e en plein-air             ", "promo": "N/A", "price": "12,75\u20ac", "volume_price": "(51,00\u20ac/Kg)"}}
{"Le Picoreur": {"Product": "Le Picoreur", "Title": "Le Picoreur 2 Cordons bleus \u00e0 l'emmental Bio, Boite de 200g", "product_info": " Le Picoreur 2 Cordons bleus \u00e0 l'emmental Bio Boite de 200g   Volaille Biologique             ", "promo": "N/A", "price": "5,99\u20ac", "volume_price": "(29,95\u20ac/Kg)"}}
{"Le Picoreur": {"Product": "Le Picoreur", "Title": "Le Picoreur Nuggets de poulet Bio, Boite de 180g", "product_info": " Le Picoreur Nuggets de poulet Bio Boite de 180g   Pr\u00eats en 10minutes au four, ou 8 minutes \u00e0 la po\u00eale             ", "promo": "N/A", "price": "4,65\u20ac", "volume_price": "(25,83\u20ac/Kg)"}}
{"Lutosa": {"Product": "Lutosa", "Title": "Lutosa Quartiers de pommes de terre bio sans gluten, Sachet de 1kg", "product_info": " Lutosa Quartiers de pommes de terre bio sans gluten Sachet de 1kg   Des pommes de terre coup\u00e9e en 8, issues de l'Agriculture Biologique             ", "promo": "N/A", "price": "4,99\u20ac", "volume_price": "(4,99\u20ac/Kg)"}}
{"Anjou Rouge": {"Product": "Anjou Rouge", "Title": "Anjou Rouge Les Hauts de Chalusse Bio, 75cl", "product_info": " Anjou Rouge Les Hauts de Chalusse Bio 75cl     Ann\u00e9e : 2017           ", "promo": "N/A", "price": "7,50\u20ac", "volume_price": "(10,00\u20ac/L)"}}
{"Anjou Rouge": {"Product": "Anjou Rouge", "Title": "Anjou Rouge D\u00e9lice D'automne BIO, 75cl", "product_info": " Anjou Rouge D\u00e9lice D'automne BIO 75cl     Ann\u00e9e : 2018           ", "promo": "N/A", "price": "7,45\u20ac", "volume_price": "(9,93\u20ac/L)"}}
{"Ardeche Merlot rouge": {"Product": "Ardeche Merlot rouge", "Title": "Ardeche Merlot rouge Cellier des gorges de l''Ard\u00e8che, 5L", "product_info": " Ardeche Merlot rouge Cellier des gorges de l''Ard\u00e8che 5L                ", "promo": "N/A", "price": "18,50\u20ac", "volume_price": "(3,70\u20ac/L)"}}
{"Ard\u00e9che Ros\u00e9 Bio": {"Product": "Ard\u00e9che Ros\u00e9 Bio", "Title": "Ard\u00e9che Ros\u00e9 Bio Cellier des gorges de l''Ard\u00e8che, 5L", "product_info": " Ard\u00e9che Ros\u00e9 Bio Cellier des gorges de l''Ard\u00e8che 5L                ", "promo": "N/A", "price": "18,90\u20ac", "volume_price": "(3,78\u20ac/L)"}}
{"Beaujolais": {"Product": "Beaujolais", "Title": "Beaujolais Domaine de Charron BIO, 75cl", "product_info": " Beaujolais Domaine de Charron BIO 75cl     Ann\u00e9e : 2018           ", "promo": "N/A", "price": "10,45\u20ac", "volume_price": "(13,93\u20ac/L)"}}
{"Bergerac Moelleux": {"Product": "Bergerac Moelleux", "Title": "Bergerac Moelleux Ch\u00e2teau Marion BIO, 75cl", "product_info": " Bergerac Moelleux Ch\u00e2teau Marion BIO 75cl     Ann\u00e9e : 2018           ", "promo": "N/A", "price": "7,95\u20ac", "volume_price": "(10,60\u20ac/L)"}}
{"Bergerac ros\u00e9": {"Product": "Bergerac ros\u00e9", "Title": "Bergerac ros\u00e9 Ch\u00e2teau Miaudoux Bio, 5L", "product_info": " Bergerac ros\u00e9 Ch\u00e2teau Miaudoux Bio 5L                ", "promo": "N/A", "price": "30,85\u20ac", "volume_price": "(6,17\u20ac/L)"}}
{"Bordeaux": {"Product": "Bordeaux", "Title": "Bordeaux Ch\u00e2teau Sicot BIO, 75cl", "product_info": " Bordeaux Ch\u00e2teau Sicot BIO  75cl     Ann\u00e9e : 2014           ", "promo": "N/A", "price": "7,55\u20ac", "volume_price": "(10,07\u20ac/L)"}}
{"Bordeaux": {"Product": "Bordeaux", "Title": "Bordeaux Les Chais du Marquis Sans Sulfite ajout\u00e9, 75cl", "product_info": " Bordeaux Les Chais du Marquis Sans Sulfite ajout\u00e9 75cl     Ann\u00e9e : 2018           ", "promo": "N/A", "price": "7,50\u20ac", "volume_price": "(10,00\u20ac/L)"}}
{"Bordeaux Blanc Sec": {"Product": "Bordeaux Blanc Sec", "Title": "Bordeaux Blanc Sec Nature Bio, 75cl", "product_info": " Bordeaux Blanc Sec Nature Bio 75cl                ", "promo": "N/A", "price": "5,65\u20ac", "volume_price": "(7,53\u20ac/L)"}}
{"Bordeaux ros\u00e9": {"Product": "Bordeaux ros\u00e9", "Title": "Bordeaux ros\u00e9 Delor Nature BIO, 75cl", "product_info": " Bordeaux ros\u00e9 Delor Nature BIO 75cl     Ann\u00e9e : 2019           ", "promo": "N/A", "price": "6,60\u20ac", "volume_price": "(8,80\u20ac/L)"}}
{"Bordeaux sup\u00e9rieur": {"Product": "Bordeaux sup\u00e9rieur", "Title": "Bordeaux sup\u00e9rieur Ch\u00e2teau La Blanquerie BIO, 75cl", "product_info": " Bordeaux sup\u00e9rieur Ch\u00e2teau La Blanquerie BIO 75cl     Ann\u00e9e : 2019           ", "promo": "N/A", "price": "7,75\u20ac", "volume_price": "(10,33\u20ac/L)"}}
{"Bourgueil": {"Product": "Bourgueil", "Title": "Bourgueil Maison Jacques Frelin BIO, 75cl", "product_info": " Bourgueil Maison Jacques Frelin BIO 75cl     Ann\u00e9e : 2017           ", "promo": "N/A", "price": "9,55\u20ac", "volume_price": "(12,73\u20ac/L)"}}
{"Cabernet d'Anjou": {"Product": "Cabernet d'Anjou", "Title": "Cabernet d'Anjou Cuv\u00e9e Abeille Bio, 75cl", "product_info": " Cabernet d'Anjou Cuv\u00e9e Abeille Bio 75cl     Ann\u00e9e : 2019           ", "promo": "N/A", "price": "7,40\u20ac", "volume_price": "(9,87\u20ac/L)"}}
{"Cahors": {"Product": "Cahors", "Title": "Cahors Ch\u00e2teau de la Marjoli\u00e8re Bio, 75cl", "product_info": " Cahors Ch\u00e2teau de la Marjoli\u00e8re Bio 75cl     Ann\u00e9e : 2015           ", "promo": "N/A", "price": "8,80\u20ac", "volume_price": "(11,73\u20ac/L)"}}
{"Cahors": {"Product": "Cahors", "Title": "Cahors Ch\u00e2teau du Cayrou BIO, 75cl", "product_info": " Cahors Ch\u00e2teau du Cayrou BIO 75cl     Ann\u00e9e : 2014           ", "promo": "N/A", "price": "9,95\u20ac", "volume_price": "(13,27\u20ac/L)"}}
{"Chateauneuf Du Pape Rouge": {"Product": "Chateauneuf Du Pape Rouge", "Title": "Chateauneuf Du Pape Rouge Domaine de Berthey Rayne  bio, 75cl", "product_info": " Chateauneuf Du Pape Rouge Domaine de Berthey Rayne  bio 75cl   Vin issu de raisins de l'agriculture biologique  Ann\u00e9e : 2017           ", "promo": "N/A", "price": "28,60\u20ac", "volume_price": "(38,13\u20ac/L)"}}
{"Chinon": {"Product": "Chinon", "Title": "Chinon Chinon Cabernet Roi BIO, 75cl", "product_info": " Chinon Chinon Cabernet Roi BIO 75cl     Ann\u00e9e : 2018           ", "promo": "N/A", "price": "8,90\u20ac", "volume_price": "(11,87\u20ac/L)"}}
{"Clairette de Die": {"Product": "Clairette de Die", "Title": "Clairette de Die Maison Jaillance bio, 75cl", "product_info": " Clairette de Die Maison Jaillance bio 75cl   Son go\u00fbt fruit\u00e9 convient parfaitement \u00e0 l'ap\u00e9ritif.             ", "promo": "N/A", "price": "7,95\u20ac", "volume_price": "(10,60\u20ac/L)"}}
{"Corbi\u00e8res": {"Product": "Corbi\u00e8res", "Title": "Corbi\u00e8res Ch\u00e2teau de Fournas ros\u00e9 BIO, 75cl", "product_info": " Corbi\u00e8res Ch\u00e2teau de Fournas ros\u00e9 BIO 75cl     Ann\u00e9e : 2018           ", "promo": "N/A", "price": "6,35\u20ac", "volume_price": "(8,47\u20ac/L)"}}
{"Corse": {"Product": "Corse", "Title": "Corse Domaine de Terra Vecchia ros\u00e9, cuv\u00e9e U Storicu BIO, 75cl", "product_info": " Corse Domaine de Terra Vecchia ros\u00e9, cuv\u00e9e U Storicu BIO 75cl     Ann\u00e9e : 2019           ", "promo": "N/A", "price": "9,95\u20ac", "volume_price": "(13,27\u20ac/L)"}}
{"Costi\u00e8res de N\u00eemes": {"Product": "Costi\u00e8res de N\u00eemes", "Title": "Costi\u00e8res de N\u00eemes Chateau Saint-Cyrgues Blanc BIO, 5L", "product_info": " Costi\u00e8res de N\u00eemes Chateau Saint-Cyrgues Blanc BIO 5L                ", "promo": "N/A", "price": "26,90\u20ac", "volume_price": "(5,38\u20ac/L)"}}
{"Costi\u00e8res de N\u00eemes": {"Product": "Costi\u00e8res de N\u00eemes", "Title": "Costi\u00e8res de N\u00eemes Chateau Saint-Cyrgues Ros\u00e9 BIO, 5L", "product_info": " Costi\u00e8res de N\u00eemes Chateau Saint-Cyrgues Ros\u00e9 BIO 5L                ", "promo": "N/A", "price": "26,90\u20ac", "volume_price": "(5,38\u20ac/L)"}}
{"Costi\u00e8res de N\u00eemes": {"Product": "Costi\u00e8res de N\u00eemes", "Title": "Costi\u00e8res de N\u00eemes Mas de Marcel ros\u00e9 BIO, 75cl", "product_info": " Costi\u00e8res de N\u00eemes Mas de Marcel ros\u00e9 BIO 75cl     Ann\u00e9e : 2019           ", "promo": "N/A", "price": "9,95\u20ac", "volume_price": "(13,27\u20ac/L)"}}
{"Costi\u00e8res de N\u00eemes": {"Product": "Costi\u00e8res de N\u00eemes", "Title": "Costi\u00e8res de N\u00eemes Mas de Marcel blanc BIO, 75cl", "product_info": " Costi\u00e8res de N\u00eemes Mas de Marcel blanc BIO 75cl     Ann\u00e9e : 2019           ", "promo": "N/A", "price": "9,95\u20ac", "volume_price": "(13,27\u20ac/L)"}}
{"Coteaux D'Aix en Provence": {"Product": "Coteaux D'Aix en Provence", "Title": "Coteaux D'Aix en Provence Roche Lacroix BIO, 75cl", "product_info": " Coteaux D'Aix en Provence Roche Lacroix BIO 75cl     Ann\u00e9e : 2019           ", "promo": "N/A", "price": "8,65\u20ac", "volume_price": "(11,53\u20ac/L)"}}
{"Coteaux Varois ros\u00e9": {"Product": "Coteaux Varois ros\u00e9", "Title": "Coteaux Varois ros\u00e9 Domaine des Monticoles BIO, 75cl", "product_info": " Coteaux Varois ros\u00e9 Domaine des Monticoles BIO 75cl     Ann\u00e9e : 2019           ", "promo": "N/A", "price": "8,65\u20ac", "volume_price": "(11,53\u20ac/L)"}}
{"Coteaux du Languedoc": {"Product": "Coteaux du Languedoc", "Title": "Coteaux du Languedoc Domaine Regismont rouge BIO, 75cl", "product_info": " Coteaux du Languedoc Domaine Regismont rouge BIO 75cl     Ann\u00e9e : 2019           ", "promo": "N/A", "price": "6,25\u20ac", "volume_price": "(8,33\u20ac/L)"}}
{"Coteaux du Languedoc": {"Product": "Coteaux du Languedoc", "Title": "Coteaux du Languedoc Domaine Regismont blanc BIO, 75cl", "product_info": " Coteaux du Languedoc Domaine Regismont blanc BIO 75cl     Ann\u00e9e : 2019           ", "promo": "N/A", "price": "7,00\u20ac", "volume_price": "(9,33\u20ac/L)"}}
{"Coteaux du Languedoc": {"Product": "Coteaux du Languedoc", "Title": "Coteaux du Languedoc Villa du clos Roca BIO, 75cl", "product_info": " Coteaux du Languedoc Villa du clos Roca BIO 75cl                ", "promo": "N/A", "price": "6,45\u20ac", "volume_price": "(8,60\u20ac/L)"}}
{"Coteaux du Languedoc": {"Product": "Coteaux du Languedoc", "Title": "Coteaux du Languedoc Domaine du Causse D\u0092Arboras BIO, 75cl", "product_info": " Coteaux du Languedoc Domaine du Causse D\u0092Arboras BIO 75cl     Ann\u00e9e : 2012           ", "promo": "N/A", "price": "7,55\u20ac", "volume_price": "(10,07\u20ac/L)"}}
{"Cr\u00e9mant de Loire": {"Product": "Cr\u00e9mant de Loire", "Title": "Cr\u00e9mant de Loire Les Troglodytes Ros\u00e9 BIO, 75cl", "product_info": " Cr\u00e9mant de Loire Les Troglodytes Ros\u00e9 BIO 75cl                ", "promo": "N/A", "price": "9,95\u20ac", "volume_price": "(13,27\u20ac/L)"}}
{"C\u00f4tes De Duras Blanc": {"Product": "C\u00f4tes De Duras Blanc", "Title": "C\u00f4tes De Duras Blanc Domaine Ferrant BIO, 75cl", "product_info": " C\u00f4tes De Duras Blanc Domaine Ferrant BIO 75cl   2 \u00e9toiles au guide Hachette 2020  Ann\u00e9e : 2019           ", "promo": "N/A", "price": "5,95\u20ac", "volume_price": "(7,93\u20ac/L)"}}
{"C\u00f4tes De Duras Rouge": {"Product": "C\u00f4tes De Duras Rouge", "Title": "C\u00f4tes De Duras Rouge Domaine Ferrant cuv\u00e9e sans sulfite ajout\u00e9, 75cl", "product_info": " C\u00f4tes De Duras Rouge Domaine Ferrant cuv\u00e9e sans sulfite ajout\u00e9 75cl     Ann\u00e9e : 2019           ", "promo": "N/A", "price": "8,95\u20ac", "volume_price": "(11,93\u20ac/L)"}}
{"C\u00f4tes de Bourg": {"Product": "C\u00f4tes de Bourg", "Title": "C\u00f4tes de Bourg Lion des Aubrots Bio, 75cl", "product_info": " C\u00f4tes de Bourg Lion des Aubrots Bio 75cl     Ann\u00e9e : 2017           ", "promo": "N/A", "price": "7,85\u20ac", "volume_price": "(10,47\u20ac/L)"}}
{"C\u00f4tes de Bourg": {"Product": "C\u00f4tes de Bourg", "Title": "C\u00f4tes de Bourg Ch\u00e2teau Lion Noir BIO, 75cl", "product_info": " C\u00f4tes de Bourg Ch\u00e2teau Lion Noir BIO 75cl     Ann\u00e9e : 2016           ", "promo": "N/A", "price": "8,55\u20ac", "volume_price": "(11,40\u20ac/L)"}}
{"C\u00f4tes de Castillon": {"Product": "C\u00f4tes de Castillon", "Title": "C\u00f4tes de Castillon Ch\u00e2teau de Prade BIO, 75cl", "product_info": " C\u00f4tes de Castillon Ch\u00e2teau de Prade BIO 75cl     Ann\u00e9e : 2017           ", "promo": "N/A", "price": "7,45\u20ac", "volume_price": "(9,93\u20ac/L)"}}
{"C\u00f4tes de Castillon": {"Product": "C\u00f4tes de Castillon", "Title": "C\u00f4tes de Castillon Ch\u00e2teau de Prade BIO, 75cl", "product_info": " C\u00f4tes de Castillon Ch\u00e2teau de Prade BIO 75cl     Ann\u00e9e : 2017           ", "promo": "N/A", "price": "6,75\u20ac", "volume_price": "(9,00\u20ac/L)"}}
{"C\u00f4tes de Provence": {"Product": "C\u00f4tes de Provence", "Title": "C\u00f4tes de Provence Domaine de Palli\u00e8re rouge BIO, 75cl", "product_info": " C\u00f4tes de Provence Domaine de Palli\u00e8re rouge BIO 75cl     Ann\u00e9e : 2018           ", "promo": "N/A", "price": "11,70\u20ac", "volume_price": "(15,60\u20ac/L)"}}
{"C\u00f4tes de Provence": {"Product": "C\u00f4tes de Provence", "Title": "C\u00f4tes de Provence Domaine Palli\u00e8re ros\u00e9 Bio, 75cl", "product_info": " C\u00f4tes de Provence Domaine Palli\u00e8re ros\u00e9 Bio 75cl     Ann\u00e9e : 2018           ", "promo": "N/A", "price": "11,90\u20ac", "volume_price": "(15,87\u20ac/L)"}}
{"C\u00f4tes de Provence": {"Product": "C\u00f4tes de Provence", "Title": "C\u00f4tes de Provence Ch\u00e2teau de la Galini\u00e8re ros\u00e9 BIO, 75cl", "product_info": " C\u00f4tes de Provence Ch\u00e2teau de la Galini\u00e8re ros\u00e9 BIO 75cl     Ann\u00e9e : 2018           ", "promo": "N/A", "price": "9,95\u20ac", "volume_price": "(13,27\u20ac/L)"}}
{"C\u00f4tes de Provence": {"Product": "C\u00f4tes de Provence", "Title": "C\u00f4tes de Provence Les Estourettes Bio, 75cl", "product_info": " C\u00f4tes de Provence Les Estourettes Bio 75cl     Ann\u00e9e : 2018           ", "promo": "N/A", "price": "9,85\u20ac", "volume_price": "(13,13\u20ac/L)"}}
{"Vitamont": {"Product": "Vitamont", "Title": "Vitamont Limonade bio d'Antan, 33cl", "product_info": " Vitamont Limonade bio d'Antan 33cl                ", "promo": "N/A", "price": "1,52\u20ac", "volume_price": "(4,61\u20ac/L)"}}
{"Vitamont": {"Product": "Vitamont", "Title": "Vitamont Limonade bio d'Antan, Lot de 4 bouteilles de 33 cl", "product_info": " Vitamont Limonade bio d'Antan Lot de 4 bouteilles de 33 cl                ", "promo": "N/A", "price": "6,08\u20ac", "volume_price": "(4,61\u20ac/L)"}}
{"Vitamont": {"Product": "Vitamont", "Title": "Vitamont Limonade d'antan Bio, 75cl", "product_info": " Vitamont Limonade d'antan Bio 75cl                ", "promo": "N/A", "price": "2,99\u20ac", "volume_price": "(3,99\u20ac/L)"}}
{"Vitamont": {"Product": "Vitamont", "Title": "Vitamont Citronnade au jus de citron vert Bio, 75cl", "product_info": " Vitamont Citronnade au jus de citron vert Bio 75cl   Boisson traditionnelle m\u00e9diterran\u00e9enne fra\u00eeche et d\u00e9salt\u00e9rante \u00e0 base de citron et de sucre              ", "promo": "N/A", "price": "2,71\u20ac", "volume_price": "(3,61\u20ac/L)"}}
{"Vitamont": {"Product": "Vitamont", "Title": "Vitamont Citronnade citron jaune Bio, 75cl", "product_info": " Vitamont Citronnade citron jaune Bio  75cl   Boisson traditionnelle m\u00e9diterran\u00e9enne fra\u00eeche et d\u00e9salt\u00e9rante \u00e0 base de citron et de sucre              ", "promo": "N/A", "price": "2,95\u20ac", "volume_price": "(3,93\u20ac/L)"}}
{"Bionade": {"Product": "Bionade", "Title": "Bionade Citron, bergamotte BIO, 33cl", "product_info": " Bionade Citron, bergamotte BIO 33cl                ", "promo": "N/A", "price": "1,49\u20ac", "volume_price": "(4,52\u20ac/L)"}}
{"Bionade": {"Product": "Bionade", "Title": "Bionade Gimgenbre, orange BIO, 33cl", "product_info": " Bionade Gimgenbre, orange BIO 33cl                ", "promo": "N/A", "price": "1,78\u20ac", "volume_price": "(5,39\u20ac/L)"}}
{"Bionade": {"Product": "Bionade", "Title": "Bionade Sureau BIO, 33cl", "product_info": " Bionade Sureau BIO 33cl                ", "promo": "N/A", "price": "1,40\u20ac", "volume_price": "(4,24\u20ac/L)"}}
{"Vitamont": {"Product": "Vitamont", "Title": "Vitamont Cola bio, 1L", "product_info": " Vitamont Cola bio 1L   Biologique et \u00e9quitable             ", "promo": "N/A", "price": "3,42\u20ac", "volume_price": "(3,42\u20ac/L)"}}
{"Biovitam": {"Product": "Biovitam", "Title": "Biovitam Jus de Goji bio, 500ml", "product_info": " Biovitam Jus de Goji bio 500ml   La Goji, un v\u00e9ritable superfruit dont le jus concentre vitamines, prot\u00e9ines, et 21 oligo-\u00e9l\u00e9ments.             ", "promo": "N/A", "price": "19,99\u20ac", "volume_price": "(39,98\u20ac/L)"}}
{"Biovitam": {"Product": "Biovitam", "Title": "Biovitam Pur jus d'alo\u00e9 Vera Bio, 1L", "product_info": " Biovitam Pur jus d'alo\u00e9 Vera Bio 1L                ", "promo": "N/A", "price": "12,99\u20ac", "volume_price": "(12,99\u20ac/L)"}}
{"Elite Naturel": {"Product": "Elite Naturel", "Title": "Elite Naturel Jus Detox Green Clear bio, 414ml", "product_info": " Elite Naturel Jus Detox Green Clear bio 414ml   Mariage d\u00e9tonnant de fruits et l\u00e9gumes bio, un alli\u00e9 pr\u00e9cieux pour garder la forme             ", "promo": "N/A", "price": "4,99\u20ac", "volume_price": "(12,05\u20ac/L)"}}
{"Elite Naturel": {"Product": "Elite Naturel", "Title": "Elite Naturel Pur Jus de Cerise bio, 200ml", "product_info": " Elite Naturel Pur Jus de Cerise bio  200ml   100% pur jus biologique             ", "promo": "N/A", "price": "2,49\u20ac", "volume_price": "(12,45\u20ac/L)"}}
{"Elite Naturel": {"Product": "Elite Naturel", "Title": "Elite Naturel Pur Jus de Grenade bio, 200ml", "product_info": " Elite Naturel Pur Jus de Grenade bio 200ml   Un jus de grenade au go\u00fbt exceptionnel, 100 % pur jus biologique, sans sucres ajout\u00e9s             ", "promo": "N/A", "price": "2,95\u20ac", "volume_price": "(14,75\u20ac/L)"}}
{"Elite Naturel": {"Product": "Elite Naturel", "Title": "Elite Naturel Pur Jus de Grenade bio, 700ml", "product_info": " Elite Naturel Pur Jus de Grenade bio 700ml   Un jus de grenade au go\u00fbt exceptionnel, 100 % pur jus biologique, sans sucres ajout\u00e9s             ", "promo": "N/A", "price": "6,11\u20ac", "volume_price": "(8,73\u20ac/L)"}}
{"Elite Naturel": {"Product": "Elite Naturel", "Title": "Elite Naturel Pur Jus de Grenade bio, Lot de 3x700ml", "product_info": " Elite Naturel Pur Jus de Grenade bio Lot de 3x700ml   Un jus de grenade au go\u00fbt exceptionnel, 100 % pur jus biologique, sans sucres ajout\u00e9s             ", "promo": "N/A", "price": "18,33\u20ac", "volume_price": "(8,73\u20ac/L)"}}
{"Elite Naturel": {"Product": "Elite Naturel", "Title": "Elite Naturel Pur Jus figue et pomme Bio, 700ml", "product_info": " Elite Naturel Pur Jus figue et pomme Bio 700ml                ", "promo": "N/A", "price": "5,89\u20ac", "volume_price": "(8,41\u20ac/L)"}}
{"Elite Naturel": {"Product": "Elite Naturel", "Title": "Elite Naturel Pur jus Banane Pomme Poire bio, 700ml", "product_info": " Elite Naturel Pur jus Banane Pomme Poire bio 700ml                ", "promo": "N/A", "price": "4,75\u20ac", "volume_price": "(6,79\u20ac/L)"}}
{"Elite Naturel": {"Product": "Elite Naturel", "Title": "Elite Naturel Pur jus de Fraise bio, 700ml", "product_info": " Elite Naturel Pur jus de Fraise bio 700ml   Sans sucre ajout\u00e9             ", "promo": "N/A", "price": "5,85\u20ac", "volume_price": "(8,36\u20ac/L)"}}
{"Elite Naturel": {"Product": "Elite Naturel", "Title": "Elite Naturel Pur jus de Past\u00e8que bio, 700ml", "product_info": " Elite Naturel Pur jus de Past\u00e8que bio 700ml                ", "promo": "N/A", "price": "5,62\u20ac", "volume_price": "(8,03\u20ac/L)"}}
{"Vitamont": {"Product": "Vitamont", "Title": "Vitamont Mini Jus Oranges Carottes Citrons Bio, 25cl", "product_info": " Vitamont Mini Jus Oranges Carottes Citrons Bio 25cl   Sans sucres ajout\u00e9s             ", "promo": "N/A", "price": "1,60\u20ac", "volume_price": "(6,40\u20ac/L)"}}
{"Vitamont": {"Product": "Vitamont", "Title": "Vitamont Mini Jus Oranges Carottes Citrons Bio, Lot de 4x25cl", "product_info": " Vitamont Mini Jus Oranges Carottes Citrons Bio Lot de 4x25cl   Sans sucres ajout\u00e9s             ", "promo": "N/A", "price": "6,40\u20ac", "volume_price": "(6,40\u20ac/L)"}}
{"Vitamont": {"Product": "Vitamont", "Title": "Vitamont Mini Nectar d'abricot Bio, 25cl", "product_info": " Vitamont Mini Nectar d'abricot Bio 25cl   au sirop d'agave biologique             ", "promo": "N/A", "price": "1,64\u20ac", "volume_price": "(6,56\u20ac/L)"}}
{"Vitamont": {"Product": "Vitamont", "Title": "Vitamont Mini Nectar d'abricot Bio, Lot de 4x25cl", "product_info": " Vitamont Mini Nectar d'abricot Bio Lot de 4x25cl   au sirop d'agave biologique             ", "promo": "N/A", "price": "6,56\u20ac", "volume_price": "(6,56\u20ac/L)"}}
{"Vitamont": {"Product": "Vitamont", "Title": "Vitamont Mini Pur jus d'orange Bio, 25cl", "product_info": " Vitamont Mini Pur jus d'orange Bio 25cl                ", "promo": "N/A", "price": "1,69\u20ac", "volume_price": "(6,76\u20ac/L)"}}
{"Vitamont": {"Product": "Vitamont", "Title": "Vitamont Mini Pur jus d'orange Bio, Lot de 4x25cl", "product_info": " Vitamont Mini Pur jus d'orange Bio Lot de 4x25cl                ", "promo": "N/A", "price": "6,76\u20ac", "volume_price": "(6,76\u20ac/L)"}}
{"Vitamont": {"Product": "Vitamont", "Title": "Vitamont Mini cocktail de l\u00e9gumes Bio, 25cl", "product_info": " Vitamont Mini cocktail de l\u00e9gumes Bio 25cl   A consommer chaud ou froid             ", "promo": "N/A", "price": "1,75\u20ac", "volume_price": "(7,00\u20ac/L)"}}
{"Vitamont": {"Product": "Vitamont", "Title": "Vitamont Mini cocktail de l\u00e9gumes Bio, Lot de 4x25cl", "product_info": " Vitamont Mini cocktail de l\u00e9gumes Bio Lot de 4x25cl   A consommer chaud ou froid             ", "promo": "N/A", "price": "7,00\u20ac", "volume_price": "(7,00\u20ac/L)"}}
{"Vitamont": {"Product": "Vitamont", "Title": "Vitamont Mini jus de carotte Bio, 25cl", "product_info": " Vitamont Mini jus de carotte Bio 25cl                ", "promo": "N/A", "price": "1,69\u20ac", "volume_price": "(6,76\u20ac/L)"}}
{"Vitamont": {"Product": "Vitamont", "Title": "Vitamont Mini jus de carotte Bio, Lot de 4x25cl", "product_info": " Vitamont Mini jus de carotte Bio Lot de 4x25cl                ", "promo": "N/A", "price": "6,76\u20ac", "volume_price": "(6,76\u20ac/L)"}}
{"Vitamont": {"Product": "Vitamont", "Title": "Vitamont Mini pur jus d'ananas Bio, 25cl", "product_info": " Vitamont Mini pur jus d'ananas Bio 25cl   Sans sucre ajout\u00e9s             ", "promo": "N/A", "price": "1,85\u20ac", "volume_price": "(7,40\u20ac/L)"}}
{"Vitamont": {"Product": "Vitamont", "Title": "Vitamont Mini pur jus d'ananas Bio, Lot de 4x25cl", "product_info": " Vitamont Mini pur jus d'ananas Bio Lot de 4x25cl   Sans sucre ajout\u00e9s             ", "promo": "N/A", "price": "7,40\u20ac", "volume_price": "(7,40\u20ac/L)"}}
{"Vitamont": {"Product": "Vitamont", "Title": "Vitamont Mini pur jus de pomme Bio, 25cl", "product_info": " Vitamont Mini pur jus de pomme Bio 25cl                ", "promo": "N/A", "price": "1,75\u20ac", "volume_price": "(7,00\u20ac/L)"}}
{"Vitamont": {"Product": "Vitamont", "Title": "Vitamont Mini pur jus de pomme Bio, Lot de 4x25cl", "product_info": " Vitamont Mini pur jus de pomme Bio Lot de 4x25cl                ", "promo": "N/A", "price": "7,00\u20ac", "volume_price": "(7,00\u20ac/L)"}}
{"Vitamont": {"Product": "Vitamont", "Title": "Vitamont Mini pur jus de raisin Bio, 25cl", "product_info": " Vitamont Mini pur jus de raisin Bio 25cl                ", "promo": "N/A", "price": "1,69\u20ac", "volume_price": "(6,76\u20ac/L)"}}
{"Vitamont": {"Product": "Vitamont", "Title": "Vitamont Mini pur jus de raisin Bio, Lot de 4x25cl", "product_info": " Vitamont Mini pur jus de raisin Bio Lot de 4x25cl                ", "promo": "N/A", "price": "6,76\u20ac", "volume_price": "(6,76\u20ac/L)"}}
{"Vitamont": {"Product": "Vitamont", "Title": "Vitamont Mini pur jus tomate de marmande Bio, 25cl", "product_info": " Vitamont Mini pur jus tomate de marmande Bio 25cl   Sans sel, tomate origine France             ", "promo": "N/A", "price": "1,66\u20ac", "volume_price": "(6,64\u20ac/L)"}}
{"Vitamont": {"Product": "Vitamont", "Title": "Vitamont Mini pur jus tomate de marmande Bio, Lot de 4x25cl", "product_info": " Vitamont Mini pur jus tomate de marmande Bio Lot de 4x25cl   Sans sel, tomate origine France             ", "promo": "N/A", "price": "6,64\u20ac", "volume_price": "(6,64\u20ac/L)"}}
{"Voelkel": {"Product": "Voelkel", "Title": "Voelkel Jus bio orange mangue passion Demeter, 25cl", "product_info": " Voelkel Jus bio orange mangue passion Demeter 25cl   Ce jus aux fruits Bio est fabriqu\u00e9 selon les principes de la Biodynamie de Demeter             ", "promo": "N/A", "price": "2,79\u20ac", "volume_price": "(11,16\u20ac/L)"}}
{"Voelkel": {"Product": "Voelkel", "Title": "Voelkel Jus de Baies rouges bio Demeter, 75cl", "product_info": " Voelkel Jus de Baies rouges bio Demeter 75cl   100% pur jus, fabriqu\u00e9 selon les principes de la Biodynamie de Demeter.             ", "promo": "N/A", "price": "3,65\u20ac", "volume_price": "(4,87\u20ac/L)"}}
{"Rapunzel": {"Product": "Rapunzel", "Title": "Rapunzel Gaufrette Tiger-snack au lait et aux noisettes, Lot de 3x23g", "product_info": " Rapunzel Gaufrette Tiger-snack au lait et aux noisettes Lot de 3x23g                ", "promo": "N/A", "price": "2,97\u20ac", "volume_price": "(43,04\u20ac/Kg)"}}
{"Rapunzel": {"Product": "Rapunzel", "Title": "Rapunzel Chocolat au lait bio \u00e9quitable, 100g", "product_info": " Rapunzel Chocolat au lait bio \u00e9quitable 100g                ", "promo": "N/A", "price": "2,89\u20ac", "volume_price": "(28,90\u20ac/Kg)"}}
{"Rapunzel": {"Product": "Rapunzel", "Title": "Rapunzel Chocolat noir dessert bio 60%, 200g", "product_info": " Rapunzel Chocolat noir dessert bio 60%  200g                ", "promo": "N/A", "price": "5,25\u20ac", "volume_price": "(26,25\u20ac/Kg)"}}
{"Rapunzel": {"Product": "Rapunzel", "Title": "Rapunzel Chocolat bio noir 85% vegan, 80g", "product_info": " Rapunzel Chocolat bio noir 85% vegan 80g   au cacao de bolivie             ", "promo": "N/A", "price": "2,99\u20ac", "volume_price": "(37,38\u20ac/Kg)"}}
{"Rapunzel": {"Product": "Rapunzel", "Title": "Rapunzel Chocolat bio Extra Noir 70 % Cacao, 80g", "product_info": " Rapunzel Chocolat bio Extra Noir 70 % Cacao 80g   Vegan et Equitable             ", "promo": "N/A", "price": "2,79\u20ac", "volume_price": "(34,88\u20ac/Kg)"}}
{"Rapunzel": {"Product": "Rapunzel", "Title": "Rapunzel Chocolat pralin\u00e9 Nirwana V\u00e9gan bio, 100g", "product_info": " Rapunzel Chocolat pralin\u00e9 Nirwana V\u00e9gan bio 100g   Issu de l'Agriculture Biologique             ", "promo": "N/A", "price": "3,55\u20ac", "volume_price": "(35,50\u20ac/Kg)"}}
{"Rapunzel": {"Product": "Rapunzel", "Title": "Rapunzel Chocolat au lait au riz souffl\u00e9 Rumba, Lot de 3x21g", "product_info": " Rapunzel Chocolat au lait au riz souffl\u00e9 Rumba Lot de 3x21g                ", "promo": "N/A", "price": "3,30\u20ac", "volume_price": "(52,38\u20ac/Kg)"}}
{"Rapunzel": {"Product": "Rapunzel", "Title": "Rapunzel Barre \u00e9nerg\u00e9tique Cranberry Cajou Bio, 3x40g", "product_info": " Rapunzel Barre \u00e9nerg\u00e9tique Cranberry Cajou Bio 3x40g                ", "promo": "N/A", "price": "5,55\u20ac", "volume_price": "(46,25\u20ac/Kg)"}}
{"Rapunzel": {"Product": "Rapunzel", "Title": "Rapunzel Barre \u00e9nerg\u00e9tique Banane Pomme Bio, Lot de 3x40g", "product_info": " Rapunzel Barre \u00e9nerg\u00e9tique Banane Pomme Bio Lot de 3x40g                ", "promo": "N/A", "price": "5,10\u20ac", "volume_price": "(42,50\u20ac/Kg)"}}
{"Rapunzel": {"Product": "Rapunzel", "Title": "Rapunzel Sesamini barre croquante bio au s\u00e9same, Lot de 3x27g", "product_info": " Rapunzel Sesamini barre croquante bio au s\u00e9same Lot de 3x27g   Un en-cas pour les petits et grands gourmands.             ", "promo": "N/A", "price": "2,97\u20ac", "volume_price": "(36,67\u20ac/Kg)"}}
{"Rapunzel": {"Product": "Rapunzel", "Title": "Rapunzel Barre Noix de Coco Bio, Lot de 3x40g", "product_info": " Rapunzel Barre Noix de Coco Bio  Lot de 3x40g                ", "promo": "N/A", "price": "5,67\u20ac", "volume_price": "(47,25\u20ac/Kg)"}}
{"Rapunzel": {"Product": "Rapunzel", "Title": "Rapunzel Gousse de Vanille bourbon bio, 2 batons, 28g", "product_info": " Rapunzel Gousse de Vanille bourbon bio, 2 batons 28g                ", "promo": "N/A", "price": "10,99\u20ac", "volume_price": "(392,50\u20ac/Kg)"}}
{"Rapunzel": {"Product": "Rapunzel", "Title": "Rapunzel Sucre de canne vanill\u00e9 Rapadura, 8g", "product_info": " Rapunzel Sucre de canne vanill\u00e9 Rapadura 8g   Au sucre de canne complet issu des programmes Equitables Main dans la main             ", "promo": "N/A", "price": "1,99\u20ac", "volume_price": "(248,75\u20ac/Kg)"}}
{"Rapunzel": {"Product": "Rapunzel", "Title": "Rapunzel Sucre de canne vanill\u00e9 Rapadura, Lot de 3x8g", "product_info": " Rapunzel Sucre de canne vanill\u00e9 Rapadura Lot de 3x8g   Au sucre de canne complet issu des programmes Equitables Main dans la main             ", "promo": "N/A", "price": "5,97\u20ac", "volume_price": "(248,75\u20ac/Kg)"}}
{"A Table": {"Product": "A Table", "Title": "A Table La Gaufre Bio pur beurre, 170g", "product_info": " A Table La Gaufre Bio pur beurre 170g   8 gaufres,  4 pochons de 2 gaufres             ", "promo": "N/A", "price": "3,52\u20ac", "volume_price": "(20,71\u20ac/Kg)"}}
{"Abbaye De Sept Fons": {"Product": "Abbaye De Sept Fons", "Title": "Abbaye De Sept Fons Pollen de fleurs bio, 250g", "product_info": " Abbaye De Sept Fons Pollen de fleurs bio 250g   Les moines trappistes             ", "promo": "N/A", "price": "12,56\u20ac", "volume_price": "(50,24\u20ac/Kg)"}}
{"Autour Du Riz": {"Product": "Autour Du Riz", "Title": "Autour Du Riz Sucre de fleur de coco bio, 500g", "product_info": " Autour Du Riz Sucre de fleur de coco bio 500g                ", "promo": "N/A", "price": "6,29\u20ac", "volume_price": "(12,58\u20ac/Kg)"}}
{"Babybio": {"Product": "Babybio", "Title": "Babybio Petits Boudoirs \u00e0 l'huile essentielle d'orange douce bio, d\u00e8s 8 mois, 120g", "product_info": " Babybio Petits Boudoirs \u00e0 l'huile essentielle d'orange douce bio, d\u00e8s 8 mois 120g                ", "promo": "N/A", "price": "3,46\u20ac", "volume_price": "(28,83\u20ac/Kg)"}}
{"Bauck Hof": {"Product": "Bauck Hof", "Title": "Bauck Hof Muesli d'Avoine au Chocolat, 425g", "product_info": " Bauck Hof Muesli d'Avoine au Chocolat 425g                ", "promo": "N/A", "price": "6,59\u20ac", "volume_price": "(15,51\u20ac/Kg)"}}
{"Bio Soleil": {"Product": "Bio Soleil", "Title": "Bio Soleil Financier aux Amandes bio, 125g", "product_info": " Bio Soleil Financier aux Amandes bio 125g   Pur beurre, sans huile de palme, 5 emballages individuels.             ", "promo": "N/A", "price": "3,74\u20ac", "volume_price": "(29,92\u20ac/Kg)"}}
{"Bio Soleil": {"Product": "Bio Soleil", "Title": "Bio Soleil Keeny'Bio Mini Cakes marbr\u00e9s au chocolat., 5x30g", "product_info": " Bio Soleil Keeny'Bio Mini Cakes marbr\u00e9s au chocolat. 5x30g   5 Mini Cakes au chocolat \u00e9quitable sans huile de palme.             ", "promo": "N/A", "price": "3,62\u20ac", "volume_price": "(24,13\u20ac/Kg)"}}
{"Bio Soleil": {"Product": "Bio Soleil", "Title": "Bio Soleil Keeny, Moelleux bio p\u00e9pites de chocolat \u00e9quitable, 5x30g", "product_info": " Bio Soleil Keeny, Moelleux bio p\u00e9pites de chocolat \u00e9quitable 5x30g   5 Mini Cakes - SANS HUILE DE PALME.             ", "promo": "N/A", "price": "3,62\u20ac", "volume_price": "(24,13\u20ac/Kg)"}}
{"Bio Soleil": {"Product": "Bio Soleil", "Title": "Bio Soleil Cake Bio Marbr\u00e9 Chocolat, 260g", "product_info": " Bio Soleil Cake Bio Marbr\u00e9 Chocolat 260g   Saveurs & Bienfaits             ", "promo": "N/A", "price": "5,87\u20ac", "volume_price": "(22,58\u20ac/Kg)"}}
{"Bio Soleil": {"Product": "Bio Soleil", "Title": "Bio Soleil Fondant au Chocolat bio, 250g", "product_info": " Bio Soleil Fondant au Chocolat bio 250g   Saveurs & Bienfaits             ", "promo": "N/A", "price": "5,96\u20ac", "volume_price": "(23,84\u20ac/Kg)"}}
{"Bio Soleil": {"Product": "Bio Soleil", "Title": "Bio Soleil Quatre-Quarts Bio pur Beurre, 290g", "product_info": " Bio Soleil Quatre-Quarts Bio pur Beurre 290g   Recette Gourmande             ", "promo": "N/A", "price": "4,69\u20ac", "volume_price": "(16,17\u20ac/Kg)"}}
{"Bio Soleil": {"Product": "Bio Soleil", "Title": "Bio Soleil Madeleines Bio Pur Beurre, 200g", "product_info": " Bio Soleil Madeleines Bio Pur Beurre 200g   9 Madeleines dans leurs emballages individuels. Sans huile de palme.             ", "promo": "N/A", "price": "4,59\u20ac", "volume_price": "(22,95\u20ac/Kg)"}}
{"Biolo'Klock": {"Product": "Biolo'Klock", "Title": "Biolo'Klock Cerises au sirop bio, 200G", "product_info": " Biolo'Klock Cerises au sirop bio 200G   Pr\u00e9par\u00e9s artisanalement, \u00e0 l\u0092ancienne\r 400g net, 200g \u00e9goutt\u00e9             ", "promo": "N/A", "price": "4,99\u20ac", "volume_price": "(24,95\u20ac/Kg)"}}
{"Biolo'Klock": {"Product": "Biolo'Klock", "Title": "Biolo'Klock Mirabelles au sirop bio, 200G", "product_info": " Biolo'Klock Mirabelles au sirop bio 200G   Pr\u00e9par\u00e9s artisanalement, \u00e0 l\u0092ancienne\r 370g net, 200g \u00e9goutt\u00e9             ", "promo": "N/A", "price": "4,99\u20ac", "volume_price": "(24,95\u20ac/Kg)"}}
{"Biolo'Klock": {"Product": "Biolo'Klock", "Title": "Biolo'Klock P\u00eaches au sirop bio, 220G", "product_info": " Biolo'Klock P\u00eaches au sirop bio 220G   Pr\u00e9par\u00e9s artisanalement, \u00e0 l\u0092ancienne\r 350g net, 200g \u00e9goutt\u00e9             ", "promo": "N/A", "price": "4,89\u20ac", "volume_price": "(22,23\u20ac/Kg)"}}
{"Biolo'Klock": {"Product": "Biolo'Klock", "Title": "Biolo'Klock Poires au sirop bio, 200G", "product_info": " Biolo'Klock Poires au sirop bio 200G   Pr\u00e9par\u00e9s artisanalement, \u00e0 l\u0092ancienne\r 400g net, 200g \u00e9goutt\u00e9             ", "promo": "N/A", "price": "4,89\u20ac", "volume_price": "(24,45\u20ac/Kg)"}}
{"Biolo'Klock": {"Product": "Biolo'Klock", "Title": "Biolo'Klock Pruneaux au sirop bio, 200G", "product_info": " Biolo'Klock Pruneaux au sirop bio 200G   Pruneaux entiers au sirop, 100% fran\u00e7ais, conditionn\u00e9s dans un bocal en verre recyclable             ", "promo": "N/A", "price": "4,89\u20ac", "volume_price": "(24,45\u20ac/Kg)"}}
{"Biosagesse": {"Product": "Biosagesse", "Title": "Biosagesse Sucre de Fleur de Coco bio, 200g", "product_info": " Biosagesse Sucre de Fleur de Coco bio 200g   S'utilise comme le sucre brun, Fabrication Artisanale et Traditionnelle             ", "promo": "N/A", "price": "5,29\u20ac", "volume_price": "(26,45\u20ac/Kg)"}}
{"Bisson": {"Product": "Bisson", "Title": "Bisson Petit beurre, bio, 150g", "product_info": " Bisson Petit beurre, bio 150g   Petit beurre au miel, 4 sachets fraicheur             ", "promo": "N/A", "price": "2,57\u20ac", "volume_price": "(17,13\u20ac/Kg)"}}
{"Bisson": {"Product": "Bisson", "Title": "Bisson Sp\u00e9culoos, bio, 175g", "product_info": " Bisson Sp\u00e9culoos, bio 175g   Sabl\u00e9s \u00e0 la cannelle, avec du miel sans \u009cuf ni produits laitiers*             ", "promo": "N/A", "price": "3,13\u20ac", "volume_price": "(17,89\u20ac/Kg)"}}
{"Bisson": {"Product": "Bisson", "Title": "Bisson Les Authentiques biscuit s\u00e9same bio, 175g", "product_info": " Bisson Les Authentiques biscuit s\u00e9same bio 175g   Au s\u00e9same toast\u00e9.             ", "promo": "N/A", "price": "2,99\u20ac", "volume_price": "(17,09\u20ac/Kg)"}}
{"Bisson": {"Product": "Bisson", "Title": "Bisson Biscuits sabl\u00e9s Ch\u00e2taigne, Bio, 180g", "product_info": " Bisson Biscuits sabl\u00e9s Ch\u00e2taigne, Bio 180g   Savoureux et croustillant.             ", "promo": "N/A", "price": "3,27\u20ac", "volume_price": "(18,17\u20ac/Kg)"}}
{"Bisson": {"Product": "Bisson", "Title": "Bisson Ludino Petits Sabl\u00e9s Napp\u00e9s de chocolat au Lait, Bio, 160g", "product_info": " Bisson Ludino Petits Sabl\u00e9s Napp\u00e9s de chocolat au Lait, Bio 160g   Sans Huile de Palme, 4 sachets fraicheur.             ", "promo": "N/A", "price": "3,26\u20ac", "volume_price": "(20,38\u20ac/Kg)"}}
{"Bisson": {"Product": "Bisson", "Title": "Bisson Petit beurre p\u00e9pites chocolat bio, 150g", "product_info": " Bisson Petit beurre p\u00e9pites chocolat bio 150g                ", "promo": "N/A", "price": "2,91\u20ac", "volume_price": "(19,40\u20ac/Kg)"}}
{"Bisson": {"Product": "Bisson", "Title": "Bisson Matins bio 4 c\u00e9r\u00e9ales sesame-lin bio, 200g", "product_info": " Bisson Matins bio 4 c\u00e9r\u00e9ales sesame-lin bio 200g   Sabl\u00e9s bio aux c\u00e9r\u00e9ale s\u00e9same et graines de lin             ", "promo": "N/A", "price": "2,88\u20ac", "volume_price": "(14,40\u20ac/Kg)"}}
{"Bisson": {"Product": "Bisson", "Title": "Bisson Sabl\u00e9s gourmet coco citron bio, 150g", "product_info": " Bisson Sabl\u00e9s gourmet coco citron bio 150g   Biscuits sabl\u00e9s \u00e0 la noix de coco et au citron             ", "promo": "N/A", "price": "2,29\u20ac", "volume_price": "(15,27\u20ac/Kg)"}}
{"Bisson": {"Product": "Bisson", "Title": "Bisson Petit beurre pralin\u00e9 bio, 150G", "product_info": " Bisson Petit beurre pralin\u00e9 bio 150G                ", "promo": "N/A", "price": "2,88\u20ac", "volume_price": "(19,20\u20ac/Kg)"}}
{"Bisson": {"Product": "Bisson", "Title": "Bisson Petit beurre sarrasin bio, 150g", "product_info": " Bisson Petit beurre sarrasin bio 150g                ", "promo": "N/A", "price": "2,68\u20ac", "volume_price": "(17,87\u20ac/Kg)"}}
{"Bisson": {"Product": "Bisson", "Title": "Bisson Sabl\u00e9s Gourmets noisettes \u00e9rable bio, 150g", "product_info": " Bisson Sabl\u00e9s Gourmets noisettes \u00e9rable bio 150g   3 sachets fra\u00eecheur de 3 biscuits             ", "promo": "N/A", "price": "2,99\u20ac", "volume_price": "(19,93\u20ac/Kg)"}}
{"Bisson": {"Product": "Bisson", "Title": "Bisson Biscuit pur beurre napp\u00e9 chocolat noir, Bio, 150g", "product_info": " Bisson Biscuit pur beurre napp\u00e9 chocolat noir, Bio 150g   Pour les grands et les petits s'il en reste...             ", "promo": "N/A", "price": "3,03\u20ac", "volume_price": "(20,20\u20ac/Kg)"}}
{"Bisson": {"Product": "Bisson", "Title": "Bisson Matins bio C\u00e9r\u00e9ales & Chocolat, 200g", "product_info": " Bisson Matins bio C\u00e9r\u00e9ales & Chocolat 200g   16 biscuits bio dans 4 sachets fraicheur.\r Vegan             ", "promo": "N/A", "price": "2,74\u20ac", "volume_price": "(13,70\u20ac/Kg)"}}
{"Bisson": {"Product": "Bisson", "Title": "Bisson Biscuits choco cacao vanille bio, 300g", "product_info": " Bisson Biscuits choco cacao vanille bio  300g   15 biscuits farine 100% \u00e9peautre             ", "promo": "N/A", "price": "3,18\u20ac", "volume_price": "(10,60\u20ac/Kg)"}}
{"Bisson": {"Product": "Bisson", "Title": "Bisson Sabl\u00e9s Raisin et Noisettes, Bio, 175g", "product_info": " Bisson Sabl\u00e9s Raisin et Noisettes, Bio 175g   Eclats de noisettes et flocons d'avoine             ", "promo": "N/A", "price": "2,89\u20ac", "volume_price": "(16,51\u20ac/Kg)"}}
{"Bisson": {"Product": "Bisson", "Title": "Bisson Biscuit bio au citron, 183g", "product_info": " Bisson Biscuit bio au citron 183g   Le meilleur de la gamme des Authentiques             ", "promo": "N/A", "price": "3,51\u20ac", "volume_price": "(19,18\u20ac/Kg)"}}
{"Bisson": {"Product": "Bisson", "Title": "Bisson Matins Bio 4 c\u00e9r\u00e9ales \u00e0 la figue, 200g", "product_info": " Bisson Matins Bio 4 c\u00e9r\u00e9ales \u00e0 la figue 200g   4 sachets fra\u00eecheur de 4 biscuits             ", "promo": "N/A", "price": "2,74\u20ac", "volume_price": "(13,70\u20ac/Kg)"}}
{"Bisson": {"Product": "Bisson", "Title": "Bisson Palmier bio pur beurre, 100g", "product_info": " Bisson Palmier bio pur beurre 100g   Biscuit feuillet\u00e9s bio pur beurre.\r 6 sachets fra\u00eecheurs de 2 biscuits             ", "promo": "N/A", "price": "2,15\u20ac", "volume_price": "(21,50\u20ac/Kg)"}}
{"Bisson": {"Product": "Bisson", "Title": "Bisson Tartelettes citron bio vegan, 145g", "product_info": " Bisson Tartelettes citron bio vegan 145g   9 sachets fraicheurs             ", "promo": "N/A", "price": "2,88\u20ac", "volume_price": "(19,86\u20ac/Kg)"}}
{"Bisson": {"Product": "Bisson", "Title": "Bisson Tartelettes myrtille bio Vegan, 145g", "product_info": " Bisson Tartelettes myrtille bio Vegan 145g                ", "promo": "N/A", "price": "2,88\u20ac", "volume_price": "(19,86\u20ac/Kg)"}}
{"Bisson": {"Product": "Bisson", "Title": "Bisson Tartelette chocolat noisette bio, 150G", "product_info": " Bisson Tartelette chocolat noisette bio 150G   9 tartelettes au nappage fondant chocolat noisette bio             ", "promo": "N/A", "price": "3,10\u20ac", "volume_price": "(20,67\u20ac/Kg)"}}
{"Bisson": {"Product": "Bisson", "Title": "Bisson Gaufrettes bio Chocolat, 190g", "product_info": " Bisson Gaufrettes bio Chocolat 190g   Sans huile de palme - Vegan             ", "promo": "N/A", "price": "2,59\u20ac", "volume_price": "(13,63\u20ac/Kg)"}}
{"Bisson": {"Product": "Bisson", "Title": "Bisson Gaufrettes bio citron, 190g", "product_info": " Bisson Gaufrettes bio citron 190g   Sans huile de palme             ", "promo": "N/A", "price": "2,59\u20ac", "volume_price": "(13,63\u20ac/Kg)"}}
{"Bisson": {"Product": "Bisson", "Title": "Bisson Choco bisson citron bio \u00e0 l'\u00e9peautre, 300g", "product_info": " Bisson Choco bisson citron bio \u00e0 l'\u00e9peautre 300g   15 biscuits, sans huile de palme             ", "promo": "N/A", "price": "3,44\u20ac", "volume_price": "(11,47\u20ac/Kg)"}}
{"Bisson": {"Product": "Bisson", "Title": "Bisson Palmier au s\u00e9same bio, 100g", "product_info": " Bisson Palmier au s\u00e9same bio 100g                ", "promo": "N/A", "price": "2,14\u20ac", "volume_price": "(21,40\u20ac/Kg)"}}
{"Bisson": {"Product": "Bisson", "Title": "Bisson Choco baguette chocolat noir, 120g", "product_info": " Bisson Choco baguette chocolat noir 120g   Batonnets enrob\u00e9s de chocolat noir bio             ", "promo": "N/A", "price": "4,38\u20ac", "volume_price": "(36,50\u20ac/Kg)"}}
{"Bisson": {"Product": "Bisson", "Title": "Bisson Cookies Chocolat Noisette, Bio, 200g", "product_info": " Bisson Cookies Chocolat Noisette, Bio 200g   ** sans \u009cuf ni produit laitier, avec du miel.             ", "promo": "N/A", "price": "3,63\u20ac", "volume_price": "(18,15\u20ac/Kg)"}}
{"Bisson": {"Product": "Bisson", "Title": "Bisson Cookies Chocolat et noisettes, Bio, 200g", "product_info": " Bisson Cookies Chocolat et noisettes, Bio 200g   Sans oeufs ni produits laitiers*, avec du miel.             ", "promo": "N/A", "price": "3,39\u20ac", "volume_price": "(16,95\u20ac/Kg)"}}
{"Bisson": {"Product": "Bisson", "Title": "Bisson Cookies tout chocolat, bio, 200g", "product_info": " Bisson Cookies tout chocolat, bio 200g                ", "promo": "N/A", "price": "3,04\u20ac", "volume_price": "(15,20\u20ac/Kg)"}}
{"Bisson": {"Product": "Bisson", "Title": "Bisson Mini cookie th\u00e9 matcha citron bio, 120g", "product_info": " Bisson Mini cookie th\u00e9 matcha citron bio 120g   Sans huile de palme             ", "promo": "N/A", "price": "3,39\u20ac", "volume_price": "(28,25\u20ac/Kg)"}}
{"Bisson": {"Product": "Bisson", "Title": "Bisson Mini cookie choco noir bio, 120g", "product_info": " Bisson Mini cookie choco noir bio 120g                ", "promo": "N/A", "price": "3,39\u20ac", "volume_price": "(28,25\u20ac/Kg)"}}
{"Bisson": {"Product": "Bisson", "Title": "Bisson Mini cookies choco lait noisette bio, 120g ", "product_info": " Bisson Mini cookies choco lait noisette bio  120g                 ", "promo": "N/A", "price": "3,39\u20ac", "volume_price": "(28,25\u20ac/Kg)"}}
{"Bisson": {"Product": "Bisson", "Title": "Bisson Mini lunettes cassis bio, 178G", "product_info": " Bisson Mini lunettes cassis bio 178G   Biscuits sabl\u00e9 bio, fourrage cassis             ", "promo": "N/A", "price": "3,10\u20ac", "volume_price": "(17,42\u20ac/Kg)"}}
{"Bisson": {"Product": "Bisson", "Title": "Bisson Mini lunettes framboise bio, 178G", "product_info": " Bisson Mini lunettes framboise bio 178G   Biscuits sabl\u00e9s fourrage framboise             ", "promo": "N/A", "price": "3,10\u20ac", "volume_price": "(17,42\u20ac/Kg)"}}
{"Bisson": {"Product": "Bisson", "Title": "Bisson Mini lunette choco noir bio, 178G", "product_info": " Bisson Mini lunette choco noir bio 178G   Biscuits sabl\u00e9s fourrage chocolat noir             ", "promo": "N/A", "price": "3,10\u20ac", "volume_price": "(17,42\u20ac/Kg)"}}
{"Bisson": {"Product": "Bisson", "Title": "Bisson Pain d'\u00e9pices pr\u00e9tranch\u00e9 au miel R\u00e9gamiel, bio, 300g", "product_info": " Bisson Pain d'\u00e9pices pr\u00e9tranch\u00e9 au miel R\u00e9gamiel, bio 300g   le respect des valeurs de l'Abb\u00e9 Bisson gourmandise et \u00e9quilibre nutritionnel             ", "promo": "N/A", "price": "3,65\u20ac", "volume_price": "(12,17\u20ac/Kg)"}}
{"Bisson": {"Product": "Bisson", "Title": "Bisson Pain d'\u00e9pices pr\u00e9tranch\u00e9, bio, 300g", "product_info": " Bisson Pain d'\u00e9pices pr\u00e9tranch\u00e9, bio 300g   pain d'\u00e9pices pr\u00e9tranch\u00e9 25% miel             ", "promo": "N/A", "price": "3,44\u20ac", "volume_price": "(11,47\u20ac/Kg)"}}
{"Bonneterre": {"Product": "Bonneterre", "Title": "Bonneterre Cafe moulu bio doux et fruit\u00e9, 250g", "product_info": " Bonneterre Cafe moulu bio doux et fruit\u00e9 250g   Pur Arabica             ", "promo": "N/A", "price": "4,59\u20ac", "volume_price": "(18,36\u20ac/Kg)"}}
{"Bonneterre": {"Product": "Bonneterre", "Title": "Bonneterre Caf\u00e9 moulu bio Ethiopie, 250g", "product_info": " Bonneterre Caf\u00e9 moulu bio Ethiopie 250g   Caf\u00e9 torr\u00e9fi\u00e9 et moulu pur arabica Ethiopie, floral et acidul\u00e9             ", "promo": "N/A", "price": "5,99\u20ac", "volume_price": "(23,96\u20ac/Kg)"}}
{"Bonneterre": {"Product": "Bonneterre", "Title": "Bonneterre Caf\u00e9 instantan\u00e9 d\u00e9caf\u00e9in\u00e9 bio, 100g", "product_info": " Bonneterre Caf\u00e9 instantan\u00e9 d\u00e9caf\u00e9in\u00e9 bio 100g                ", "promo": "N/A", "price": "8,99\u20ac", "volume_price": "(89,90\u20ac/Kg)"}}
{"Bonneterre": {"Product": "Bonneterre", "Title": "Bonneterre Cacao maigre bio, 250g", "product_info": " Bonneterre Cacao maigre bio 250g   Poudre de cacao maigre alcalinis\u00e9, sans sucres ajout\u00e9s             ", "promo": "N/A", "price": "5,19\u20ac", "volume_price": "(20,76\u20ac/Kg)"}}
{"Caf\u00e9 Michel": {"Product": "Caf\u00e9 Michel", "Title": "Caf\u00e9 Michel Caf\u00e9 grain Bolivie bio, 1KG", "product_info": " Caf\u00e9 Michel Caf\u00e9 grain Bolivie bio 1KG   Arabica en grains pure origine - Fruit\u00e9 au corps leger             ", "promo": "N/A", "price": "17,55\u20ac", "volume_price": "(17,55\u20ac/Kg)"}}
{"Caf\u00e9 Michel": {"Product": "Caf\u00e9 Michel", "Title": "Caf\u00e9 Michel Caf\u00e9 Mexique grain bio pur arabica, 1KG", "product_info": " Caf\u00e9 Michel Caf\u00e9 Mexique grain bio pur arabica  1KG   Arabica moulu pure origine - Intense et parfum\u00e9             ", "promo": "N/A", "price": "17,55\u20ac", "volume_price": "(17,55\u20ac/Kg)"}}
{"Caf\u00e9 Michel": {"Product": "Caf\u00e9 Michel", "Title": "Caf\u00e9 Michel Caf\u00e9 Bolivie moulu bio pur arabica, 250G", "product_info": " Caf\u00e9 Michel Caf\u00e9 Bolivie moulu bio pur arabica  250G   Arabica moulu pure origine - Fruit\u00e9 au corps l\u00e9ger             ", "promo": "N/A", "price": "4,99\u20ac", "volume_price": "(19,96\u20ac/Kg)"}}
{"Caf\u00e9 Michel": {"Product": "Caf\u00e9 Michel", "Title": "Caf\u00e9 Michel Caf\u00e9 colombie moulu bio, 250G", "product_info": " Caf\u00e9 Michel Caf\u00e9 colombie moulu bio 250G   Arabica moulu pure origine - Fin et complexe             ", "promo": "N/A", "price": "5,45\u20ac", "volume_price": "(21,80\u20ac/Kg)"}}
{"Caf\u00e9 Michel": {"Product": "Caf\u00e9 Michel", "Title": "Caf\u00e9 Michel Caf\u00e9 Ethiopie moulu bio, 250G", "product_info": " Caf\u00e9 Michel Caf\u00e9 Ethiopie moulu bio 250G   Arabica moulu pure origine - Floral et finement acidul\u00e9             ", "promo": "N/A", "price": "5,45\u20ac", "volume_price": "(21,80\u20ac/Kg)"}}
{"Caf\u00e9 Michel": {"Product": "Caf\u00e9 Michel", "Title": "Caf\u00e9 Michel Caf\u00e9 Guatemala moulu bio, 1KG", "product_info": " Caf\u00e9 Michel Caf\u00e9 Guatemala moulu bio 1KG   Arabica moulu pure origine- Rond et \u00e9quilibr\u00e9             ", "promo": "N/A", "price": "18,19\u20ac", "volume_price": "(18,19\u20ac/Kg)"}}
{"Caf\u00e9 Michel": {"Product": "Caf\u00e9 Michel", "Title": "Caf\u00e9 Michel Caf\u00e9 Mexique moulu bio, 250G", "product_info": " Caf\u00e9 Michel Caf\u00e9 Mexique moulu bio 250G   Arabica moulu pure origine - Intense et parfum\u00e9             ", "promo": "N/A", "price": "4,99\u20ac", "volume_price": "(19,96\u20ac/Kg)"}}
{"Caf\u00e9 Michel": {"Product": "Caf\u00e9 Michel", "Title": "Caf\u00e9 Michel Caf\u00e9 bio dosettes souples P\u00e9rou x18, 125G", "product_info": " Caf\u00e9 Michel Caf\u00e9 bio dosettes souples P\u00e9rou x18 125G   Arabica pur origine - Doux et fruit\u00e9             ", "promo": "N/A", "price": "3,75\u20ac", "volume_price": "(30,00\u20ac/Kg)"}}
{"Destination": {"Product": "Destination", "Title": "Destination Caf\u00e9 bio Br\u00e9sil moulu pur arabica, 250G", "product_info": " Destination Caf\u00e9 bio Br\u00e9sil moulu pur arabica 250G   Torr\u00e9faction artisanale, doux et velout\u00e9             ", "promo": "N/A", "price": "5,65\u20ac", "volume_price": "(22,60\u20ac/Kg)"}}
{"Destination": {"Product": "Destination", "Title": "Destination Caf\u00e9 Mexique moulu bio pur arabica, 250G", "product_info": " Destination Caf\u00e9 Mexique moulu bio pur arabica 250G   Rond et g\u00e9n\u00e9reux             ", "promo": "N/A", "price": "4,90\u20ac", "volume_price": "(19,60\u20ac/Kg)"}}
{"Destination": {"Product": "Destination", "Title": "Destination Caf\u00e9 bio filtre selection 100% arabica, 500G", "product_info": " Destination Caf\u00e9 bio filtre selection 100% arabica 500G   D\u00e9licat & Oncteux, Intensit\u00e9 4/10             ", "promo": "N/A", "price": "7,95\u20ac", "volume_price": "(15,90\u20ac/Kg)"}}
{"Destination": {"Product": "Destination", "Title": "Destination Caf\u00e9 d\u00e9caf\u00e9in\u00e9 arabica bio, 250G", "product_info": " Destination Caf\u00e9 d\u00e9caf\u00e9in\u00e9 arabica bio  250G   Doux & Aromatique             ", "promo": "N/A", "price": "5,99\u20ac", "volume_price": "(23,96\u20ac/Kg)"}}
{"Destination": {"Product": "Destination", "Title": "Destination Caf\u00e9 instantan\u00e9 pur arabica bio, 100G", "product_info": " Destination Caf\u00e9 instantan\u00e9 pur arabica bio 100G   Pur arabica lyophilis\u00e9             ", "promo": "N/A", "price": "6,90\u20ac", "volume_price": "(69,00\u20ac/Kg)"}}
{"Destination": {"Product": "Destination", "Title": "Destination Caf\u00e9 bio Perou espresso N\u00b06, 10 Capsules", "product_info": " Destination Caf\u00e9 bio Perou espresso N\u00b06  10 Capsules   Capsule compatible Nespresso             ", "promo": "N/A", "price": "4,35\u20ac", "volume_price": "(0,44\u20ac/pi\u00e8ce)"}}
{"Destination": {"Product": "Destination", "Title": "Destination Poudre chocolat\u00e9e cacao instantan\u00e9e bio, 800G", "product_info": " Destination Poudre chocolat\u00e9e cacao instantan\u00e9e bio 800G   Riche en cacao 32%\r Tr\u00e8s aromatique, stimulant et tonifiant             ", "promo": "N/A", "price": "8,25\u20ac", "volume_price": "(10,31\u20ac/Kg)"}}
{"If You Care": {"Product": "If You Care", "Title": "If You Care Filtres \u00e0 caf\u00e9 compostables taille N\u00b04, 100 filtres", "product_info": " If You Care Filtres \u00e0 caf\u00e9 compostables taille N\u00b04 100 filtres                ", "promo": "N/A", "price": "3,35\u20ac", "volume_price": ""}}
{"Rapunzel": {"Product": "Rapunzel", "Title": "Rapunzel Poudre chocolat\u00e9e Bio Tiger Quick, 400g", "product_info": " Rapunzel Poudre chocolat\u00e9e Bio Tiger Quick 400g   Pr\u00e9paration bio pour boisson chocolat\u00e9e Tiger Quick ,Fortement d\u00e9graiss\u00e9             ", "promo": "N/A", "price": "9,25\u20ac", "volume_price": "(23,13\u20ac/Kg)"}}
{"Bonneterre": {"Product": "Bonneterre", "Title": "Bonneterre Chocolat noir p\u00e2tisserier bio 60%, 200g", "product_info": " Bonneterre Chocolat noir p\u00e2tisserier bio 60% 200g   Chocolat noir sp\u00e9cial P\u00e2tisserie 60% de cacao, issu du commerce \u00e9quitable.             ", "promo": "N/A", "price": "4,99\u20ac", "volume_price": "(24,95\u20ac/Kg)"}}
{"Bonneterre": {"Product": "Bonneterre", "Title": "Bonneterre Chocolat Noir bio \u00c9quateur 90%, 80g", "product_info": " Bonneterre Chocolat Noir bio \u00c9quateur 90%  80g   Chocolat Noir \u00c9quateur 90% de Cacao, puissant et bois\u00e9             ", "promo": "N/A", "price": "3,19\u20ac", "volume_price": "(39,88\u20ac/Kg)"}}
{"Bonneterre": {"Product": "Bonneterre", "Title": "Bonneterre Chocolat Noir bio Panama 80% de Cacao, 80g", "product_info": " Bonneterre Chocolat Noir bio Panama 80% de Cacao 80g   Subtil et floral             ", "promo": "N/A", "price": "3,29\u20ac", "volume_price": "(41,13\u20ac/Kg)"}}
{"Bonneterre": {"Product": "Bonneterre", "Title": "Bonneterre Chocolat noir bio P\u00e9rou 75% de cacao, 80g", "product_info": " Bonneterre Chocolat noir bio P\u00e9rou 75% de cacao 80g   Fruit\u00e9 et acidul\u00e9, issu du commerce \u00e9quitable             ", "promo": "N/A", "price": "3,19\u20ac", "volume_price": "(39,88\u20ac/Kg)"}}
{"Bonneterre": {"Product": "Bonneterre", "Title": "Bonneterre Chocolat noir bio 100% cacao, 80g", "product_info": " Bonneterre Chocolat noir bio 100% cacao 80g                ", "promo": "N/A", "price": "3,59\u20ac", "volume_price": "(44,88\u20ac/Kg)"}}
{"Bonneterre": {"Product": "Bonneterre", "Title": "Bonneterre Chocolat fondant au lait bio, 100g", "product_info": " Bonneterre Chocolat fondant au lait bio 100g                ", "promo": "N/A", "price": "3,28\u20ac", "volume_price": "(32,80\u20ac/Kg)"}}
{"Bonneterre": {"Product": "Bonneterre", "Title": "Bonneterre Chocolat lait amande bio au sel de Gu\u00e9rande, 100g", "product_info": " Bonneterre Chocolat lait amande bio au sel de Gu\u00e9rande 100g                ", "promo": "N/A", "price": "3,99\u20ac", "volume_price": "(39,90\u20ac/Kg)"}}
{"Bonneterre": {"Product": "Bonneterre", "Title": "Bonneterre Chocolat Lait Noisette bio, 100g", "product_info": " Bonneterre Chocolat Lait Noisette bio 100g   Aux noisettes enti\u00e8res             ", "promo": "N/A", "price": "4,09\u20ac", "volume_price": "(40,90\u20ac/Kg)"}}
{"Bonneterre": {"Product": "Bonneterre", "Title": "Bonneterre Chocolat noir fourr\u00e9 caramel sal\u00e9 bio, 100g", "product_info": " Bonneterre Chocolat noir fourr\u00e9 caramel sal\u00e9 bio 100g   Chocolat noir fourr\u00e9 au caramel et beurre au sel de Gu\u00e9rande             ", "promo": "N/A", "price": "4,19\u20ac", "volume_price": "(41,90\u20ac/Kg)"}}
{"Bonneterre": {"Product": "Bonneterre", "Title": "Bonneterre Chocolat Noir fourr\u00e9 Pralin\u00e9 bio, 100g", "product_info": " Bonneterre Chocolat Noir fourr\u00e9 Pralin\u00e9 bio 100g                ", "promo": "N/A", "price": "3,69\u20ac", "volume_price": "(36,90\u20ac/Kg)"}}
{"Bonneterre": {"Product": "Bonneterre", "Title": "Bonneterre Chocolat noir amandes bio, 200g", "product_info": " Bonneterre Chocolat noir amandes bio 200g   Chocolat Noir aux amandes enti\u00e8res caram\u00e9lis\u00e9es             ", "promo": "N/A", "price": "6,29\u20ac", "volume_price": "(31,45\u20ac/Kg)"}}
{"Bonneterre": {"Product": "Bonneterre", "Title": "Bonneterre Chocolat noir mendiant bio, 100g", "product_info": " Bonneterre Chocolat noir mendiant bio 100g   Chocolat noir aux raisins secs, amandes, noisettes et pistaches, issu du commerce \u00e9quitable.             ", "promo": "N/A", "price": "4,29\u20ac", "volume_price": "(42,90\u20ac/Kg)"}}
{"Bonneterre": {"Product": "Bonneterre", "Title": "Bonneterre Chocolat Noir noisettes enti\u00e8res bio, 200g", "product_info": " Bonneterre Chocolat Noir noisettes enti\u00e8res bio 200g                ", "promo": "N/A", "price": "6,29\u20ac", "volume_price": "(31,45\u20ac/Kg)"}}
{"Bonneterre": {"Product": "Bonneterre", "Title": "Bonneterre Chocolat noir bio oranges confites, 100g", "product_info": " Bonneterre Chocolat noir bio oranges confites 100g   Chocolat noir avec oranges confites et huile essentielle d'orange             ", "promo": "N/A", "price": "3,69\u20ac", "volume_price": "(36,90\u20ac/Kg)"}}
{"Organica": {"Product": "Organica", "Title": "Organica Fraise Crunchy bio d\u00e9shydrat\u00e9e, 12g", "product_info": " Organica Fraise Crunchy bio d\u00e9shydrat\u00e9e 12g   Crunchy FRUIT est une gamme de fruits biologiques lyophilis\u00e9s.             ", "promo": "N/A", "price": "2,99\u20ac", "volume_price": "(249,17\u20ac/Kg)"}}
{"Rapunzel": {"Product": "Rapunzel", "Title": "Rapunzel Chocolat lait crispies bio, 100g", "product_info": " Rapunzel Chocolat lait crispies bio 100g   C\u00e9r\u00e9ales croquantes dans du chocolat au lait fondant              ", "promo": "N/A", "price": "2,99\u20ac", "volume_price": "(29,90\u20ac/Kg)"}}
{"Rapunzel": {"Product": "Rapunzel", "Title": "Rapunzel Chocolat au lait au riz souffl\u00e9 Rumba, 21g", "product_info": " Rapunzel Chocolat au lait au riz souffl\u00e9 Rumba 21g                ", "promo": "N/A", "price": "1,10\u20ac", "volume_price": "(52,38\u20ac/Kg)"}}
{"Rapunzel": {"Product": "Rapunzel", "Title": "Rapunzel Sesamini barre croquante bio au s\u00e9same, 27g", "product_info": " Rapunzel Sesamini barre croquante bio au s\u00e9same 27g   Un en-cas pour les petits et grands gourmands.             ", "promo": "N/A", "price": "0,99\u20ac", "volume_price": "(36,67\u20ac/Kg)"}}
{"Saveurs & Nature": {"Product": "Saveurs & Nature", "Title": "Saveurs & Nature C\u00e9r\u00e9ales souffl\u00e9es chocolat lait bio, 45g", "product_info": " Saveurs & Nature C\u00e9r\u00e9ales souffl\u00e9es chocolat lait bio 45g   Chocolaterie Artisanale             ", "promo": "N/A", "price": "2,16\u20ac", "volume_price": "(48,00\u20ac/Kg)"}}
{"Saveurs & Nature": {"Product": "Saveurs & Nature", "Title": "Saveurs & Nature Les Dr\u00f4les de Noisettes, 45g", "product_info": " Saveurs & Nature Les Dr\u00f4les de Noisettes 45g   Enrob\u00e9es de chocolat au lait.\r Chocolaterie Artisanale             ", "promo": "N/A", "price": "2,19\u20ac", "volume_price": "(48,67\u20ac/Kg)"}}
{"Bisson": {"Product": "Bisson", "Title": "Bisson Miel bio France fleurs pr\u00e9-Alpes du Sud, 500G", "product_info": " Bisson Miel bio France fleurs pr\u00e9-Alpes du Sud 500G   Doux et suave  Origine : France           ", "promo": "N/A", "price": "16,18\u20ac", "volume_price": "(32,36\u20ac/Kg)"}}
{"Bisson": {"Product": "Bisson", "Title": "Bisson Miel bio France de montagne, 500G", "product_info": " Bisson Miel bio France de montagne 500G   100% miel de montagne d'Auvergne             ", "promo": "N/A", "price": "16,18\u20ac", "volume_price": "(32,36\u20ac/Kg)"}}
{"Ibo": {"Product": "Ibo", "Title": "Ibo Miel d'acacia Bio origine France, 400g", "product_info": " Ibo Miel d'acacia Bio origine France 400g                ", "promo": "N/A", "price": "14,99\u20ac", "volume_price": "(37,48\u20ac/Kg)"}}
{"Ibo": {"Product": "Ibo", "Title": "Ibo Miel de Fleurs bio France, 400g", "product_info": " Ibo Miel de Fleurs bio France 400g   Doux et Onctueux             ", "promo": "N/A", "price": "13,80\u20ac", "volume_price": "(34,50\u20ac/Kg)"}}
{"Ibo": {"Product": "Ibo", "Title": "Ibo Miel de Lavande bio France, 400g", "product_info": " Ibo Miel de Lavande bio France  400g                ", "promo": "N/A", "price": "15,84\u20ac", "volume_price": "(39,60\u20ac/Kg)"}}
{"Jean Herv\u00e9": {"Product": "Jean Herv\u00e9", "Title": "Jean Herv\u00e9 Pur\u00e9e de Cacahu\u00e8te bio, 350g", "product_info": " Jean Herv\u00e9 Pur\u00e9e de Cacahu\u00e8te bio 350g   A incorporer dans les desserts, les plats cuisin\u00e9s, ou \u00e0 tartiner tel quel             ", "promo": "N/A", "price": "4,69\u20ac", "volume_price": "(13,40\u20ac/Kg)"}}
{"Jean Herv\u00e9": {"Product": "Jean Herv\u00e9", "Title": "Jean Herv\u00e9 Pur\u00e9e de Noisette bio, 350g", "product_info": " Jean Herv\u00e9 Pur\u00e9e de Noisette bio 350g   Produits bio & Solidaires             ", "promo": "N/A", "price": "12,99\u20ac", "volume_price": "(37,11\u20ac/Kg)"}}
{"Jean Herv\u00e9": {"Product": "Jean Herv\u00e9", "Title": "Jean Herv\u00e9 P\u00e2te \u00e0 tartiner bio Chocolade sans huile de palme, 350g", "product_info": " Jean Herv\u00e9 P\u00e2te \u00e0 tartiner bio Chocolade sans huile de palme 350g   P\u00e2te \u00e0 tartiner noisette cacao             ", "promo": "N/A", "price": "8,39\u20ac", "volume_price": "(23,97\u20ac/Kg)"}}
{"Jean Herv\u00e9": {"Product": "Jean Herv\u00e9", "Title": "Jean Herv\u00e9 Pur\u00e9e d'amande compl\u00e8te Bio, 700g", "product_info": " Jean Herv\u00e9 Pur\u00e9e d'amande compl\u00e8te Bio 700g   S\u00e9ch\u00e9 au feu de bois-broy\u00e9 \u00e0 la meule \u00e0 basse temp\u00e9rature             ", "promo": "N/A", "price": "20,99\u20ac", "volume_price": "(29,99\u20ac/Kg)"}}
{"Jean Herv\u00e9": {"Product": "Jean Herv\u00e9", "Title": "Jean Herv\u00e9 Pur\u00e9e d'amande blanche, bio, 350g", "product_info": " Jean Herv\u00e9 Pur\u00e9e d'amande blanche, bio 350g                ", "promo": "N/A", "price": "11,35\u20ac", "volume_price": "(32,43\u20ac/Kg)"}}
{"Prim\u00e9al": {"Product": "Prim\u00e9al", "Title": "Prim\u00e9al Cr\u00e8me de ch\u00e2taigne vanill\u00e9e, Bio, 325g", "product_info": " Prim\u00e9al Cr\u00e8me de ch\u00e2taigne vanill\u00e9e, Bio 325g   Un r\u00e9gal. Fabrication artisanale, en direct de l' Ard\u00e8che.              ", "promo": "N/A", "price": "6,41\u20ac", "volume_price": "(19,72\u20ac/Kg)"}}
{"Pronatura": {"Product": "Pronatura", "Title": "Pronatura Marmelade de citron Bio de Sicile, 370G", "product_info": " Pronatura Marmelade de citron Bio de Sicile 370G                ", "promo": "N/A", "price": "4,10\u20ac", "volume_price": "(11,08\u20ac/Kg)"}}
{"Rapunzel": {"Product": "Rapunzel", "Title": "Rapunzel Beurre de cacahu\u00e8te bio, 500g", "product_info": " Rapunzel Beurre de cacahu\u00e8te bio 500g                ", "promo": "N/A", "price": "6,89\u20ac", "volume_price": "(13,78\u20ac/Kg)"}}
{"Rapunzel": {"Product": "Rapunzel", "Title": "Rapunzel Pur\u00e9e noisette compl\u00e8te Bio et vegan, 250g", "product_info": " Rapunzel Pur\u00e9e noisette compl\u00e8te Bio et vegan 250g                ", "promo": "N/A", "price": "7,99\u20ac", "volume_price": "(31,96\u20ac/Kg)"}}
{"Rapunzel": {"Product": "Rapunzel", "Title": "Rapunzel Pur\u00e9e de noix de cajou bio, 250g", "product_info": " Rapunzel Pur\u00e9e de noix de cajou bio 250g                ", "promo": "N/A", "price": "10,49\u20ac", "volume_price": "(41,96\u20ac/Kg)"}}
{"Rapunzel": {"Product": "Rapunzel", "Title": "Rapunzel Pur\u00e9e de 4 noix bio, 250g", "product_info": " Rapunzel Pur\u00e9e de 4 noix bio 250g   arachides, noisettes, amandes, cajou              ", "promo": "N/A", "price": "6,99\u20ac", "volume_price": "(27,96\u20ac/Kg)"}}
